3840 5760
806 656 2650 160 manus est conpassiua omuibꝰ membͥs corꝑis unde

809 774 2621 154 dicit quidam sapiens. ubi dolor ibi manũs. sic is

812 883 2656 153 ti sancti apostoli ualde conpatiebantur membris

819 998 2659 160 eccłie. Nam dicitur Eccłiastici .Uiiͦi. Isti sunt duo. ui

828 1110 2666 166 ri misericordie O quam misericors fuit beatus pau

825 1216 2643 166 lus unde legitur Corinthꝰ. Quis infirmatur ⁊ ego

822 1318 2640 154 non infirmor ͭDic exemplũ de illo qui uolebat se

828 1424 2628 169 suspendere O quã misericors fuit beatus petrꝰ. sic̃

825 1536 2647 176 legitur Actuũ .iiiͦ. quando infirmo ⁊ claudo petenti

828 1648 2647 176 ab eo elemosinã dixit argentũ ⁊ aurꝵ nõ est michi.

825 1769 2634 183 quod autem habeo hoc tibi do In noĩe iħu xp̃i na

825 1894 2608 179 zareni surge ⁊ ambula in pace. id quod habuit li

828 2016 2621 179 benter dedit ⁊ si maiora habuiss dediss Nam alii

828 2140 2631 186 principes faciũt ianitores suos in misericordes ⁊

832 2284 2611 160 atroces ita ut pauꝑes nõ intromitt̾ant dñs au

832 2406 2643 166 tem piissimũ ⁊ dulcissimũ petrũ  fecit ianitorẽ.

832 2537 2620 157 in cuiꝰ misericordie signũ depingitur ut m̃icors

832 2656 2652 156 ianitor .portans claues in suis manib quasi di

841 2780 2618 164 ceret Uenite ad me pauꝑes ⁊ diuites paratus e

838 2899 2656 147 nim sum omnibꝰ apperire Et hoc est qd̾ dici luce.

844 3008 2637 156 pulsate ⁊ apperietur uobis Tertio manus est ual

851 3116 2633 157 de utilis ad seminandũ. unde dicit sałon. Mane se

844 3228 2634 151 mina semen tuũ ⁊ uesꝑe nõ cess manus tua O qmͣ

838 3337 2646 147 felices fuerũt manꝰ iste. multa bona seminauerũt.

838 3446 2451 150 P̃s. In omnẽ terram exiuit sonus eoꝵ ⁊ cet̾a: ¶

835 3542 2614 150 Secũdo elegit istos sanctos apłos tamquam duas

841 3641 2621 131 candelas lucidissimas: quib cõuenienter dicitur ĩ

848 3734 2608 157 ewangłio mathei Uos estis lux mũdi Et quia talẽ

844 3836 2660 157 ⁊ tantum regem nõ decet habere paruũ lumen. ideo

848 3936 2656 179 dicitur Genesis iͦ. fecit deus duo magna luminaria ⁊ c̾.

851 4028 2630 202 ut ait bt̃us gregoriuꝰ quoꝵ doctrina fulget ecclesia ut

857 4147 2618 240 sol ⁊ luna O qmͣ ardenter ⁊ studiose bt̃us petrꝰ illumi
