3840 5760
860 588 2612 148 ꝑ medium signo crucis discidit ⁊ de uentre eius illesa ꝓ

860 678 2637 141 diit Quarto głabatur in p̃ceptis dõi ꝑ oculoꝵ illuĩationẽ

867 768 2605 156 uñ ps̃ preceptũ dñi lucidũ illuminans oculos Unde dñs in

860 864 2599 137 lege dicit Exodi .u. Audi israhel p̃cepta dñi ⁊ ea in corde tuo

860 953 2631 157 quasi in libro scribe ⁊ dabo tibi terram fluentem mel ⁊ lac.

860 1059 2672 137 Hanc quidem gloriam habuit hec uirgo ipõs tortores suos

873 1158 2586 134 apparicione angelica ꝑ domando sicut in legenda dicitur.

876 1257 2567 135 quociens^ᷠ eam tortores in uaserant tociens angeli eam

867 1353 2649 138 potenter liberauerũt ⁊ tormẽta suꝑ hostes retorserunts

876 1449 2637 128 angeloꝵ quidem officiũ est sicut dicit ieronimꝰ electos in

870 1552 2614 137 suis passiõib consolare Unde dñs dicit Exodi .x. Ecce ego

870 1651 2643 147 mitto angelũ meũ qui p̃cedet te ⁊ custodiat semꝑ. obserua

870 1763 2640 131 ⁊ audi uoce meam ⁊ inimicꝰ ero inimicis tuis ⁊ affligen

873 1856 2656 153 tes te affligam ⁊ p̃cedet te angelus meus Quinto gloria

867 1955 2694 160 batur hec uirgo in timore dñi ꝑ diuinoꝵ p̃gustacionem .ps̃.

860 2064 2656 140 Timor dñi sanctus ꝑmanet in seculũ seculi. ⁊ sałon Qui ti

870 2160 2659 166 met deũ faciet bona quia timor dñi expellit peccatum Itẽ

873 2262 2624 157 p̃s Timete dñm om̃s sc̃i eius quoĩam nichil de est timẽti

886 2364 2621 141 bus eum. hanc głam hec uirgo ueraciter habuit mor

880 2454 2617 147 tem ipsam carnis consolacione celica desiderando unde

883 2531 2633 160 cum ppłs olibrio precib et minis instaret ut uirgĩem

886 2633 2598 160 dimitteret ipsa constanter rñdit cũ apostolo dicẽs Cu

883 2732 2656 148 pio dissolui ⁊ esse cum xp̃o Et ad plebem dixit Nolite fra

889 2832 2643 166 tres ⁊ sorores ĩpedire martiriũ meũ. quia cũ sponso mõ

889 2915 2640 179 manere. michi p̃ciosissimũ est. atq post hec uerba iubẽ

902 3014 2624 198 te preside gladio ꝑcussa migrauit ad xp̃m ⁊ de mũdi fal

899 3126 2621 195 laciis feliciter triumphauit Sexto głabatur hec u̾go

892 3232 2634 185 .s. in iudiciis dñi ꝑ eternoꝵ fruitionẽ. sicut dñs in libro sa

902 3363 2608 157 pientie dicit Transite ad me omnes qui cõcupiscitis me ⁊ agu̾a

902 3456 2634 156 cionibꝰ meis ĩplemini . spiritus enĩ meus suꝑ mel dulcis et

905 3574 2618 138 hereditas mea  suꝑ mel ⁊ fauũ. ⁊ c̾. hanc głam beata margare

915 3680 2582 137 tha ueraciter habuit ꝑpetuam requiem promissione dñica

936 3792 2587 144 hereditando unde dicit In oĩb requiem quesiui ⁊ in heredita

931 3883 2587 158 te dñi morabor. Iste quidem Item Ecce ꝙ cõcupiui iam uideo

921 3984 2615 140 quod speraui iam teneo illi sum iũcta in celis quẽ in terris po

921 4086 2602 141 sita tota deuotione dilexi Ise quidem sex species gaudii spiri

915 4188 2601 173 talis methaphorice recipiuntur ꝑsex folia lilii materialis.

768 3739 163 177 ⁊ api

771 3894 118 83 encie

768 3950 144 158 uiiͦ.
