<alto xmlns:xsi="http://www.w3.org/2001/XMLSchema-instance" xmlns="http://www.loc.gov/standards/alto/ns-v4#" xsi:schemaLocation="http://www.loc.gov/standards/alto/ns-v4# http://www.loc.gov/standards/alto/v4/alto-4-2.xsd">
  <Description>
    <MeasurementUnit>pixel</MeasurementUnit>
    <sourceImageInformation>
      <fileName>UBL_Ms758_221v.jpg</fileName>
      
    </sourceImageInformation>
  </Description>
  
  <Tags>
    <OtherTag ID="BT4411" LABEL="MarginTextZone" DESCRIPTION="block type MarginTextZone"/><OtherTag ID="BT4309" LABEL="NumberingZone" DESCRIPTION="block type NumberingZone"/><OtherTag ID="BT4308" LABEL="MainZone" DESCRIPTION="block type MainZone"/><OtherTag ID="BT4307" LABEL="DropCapitalZone" DESCRIPTION="block type DropCapitalZone"/>
    <OtherTag ID="LT1415" LABEL="DefaultLine" DESCRIPTION="line type DefaultLine"/><OtherTag ID="LT1416" LABEL="HeadingLine" DESCRIPTION="line type HeadingLine"/>
  </Tags>
  
  <Layout>
    <Page WIDTH="3840" HEIGHT="5760" PHYSICAL_IMG_NR="5" ID="eSc_dummypage_">
      <PrintSpace HPOS="0" VPOS="0" WIDTH="3840" HEIGHT="5760">
        
        <TextBlock HPOS="857" VPOS="601" WIDTH="2723" HEIGHT="3696" ID="eSc_textblock_1a15e36d" TAGREFS="BT4308">
          <Shape><Polygon POINTS="3260 614 3504 627 3580 678 3568 4182 3516 4297 934 4284 883 4246 857 2457 896 2390 908 1817 857 1408 921 1174 883 819 972 614 1932 601"/></Shape>
          
          
          <TextLine ID="eSc_line_b57d81e6" TAGREFS="LT1415" BASELINE="963 720 2518 716 3545 736" HPOS="960" VPOS="604" WIDTH="2585" HEIGHT="157">
            <Shape><Polygon POINTS="3523 643 3088 643 3084 640 3020 611 3017 611 3014 611 2652 627 2585 608 2582 608 2579 608 2576 608 2531 627 2508 611 2505 611 2502 611 2499 611 2300 636 2297 636 2294 636 2208 608 2204 608 2201 608 2067 624 2038 604 2035 604 2032 604 1795 604 1792 604 1788 604 1740 627 1648 608 1644 608 1641 608 1564 633 1523 611 1520 611 1516 611 1513 611 1452 630 1382 608 1379 608 1376 608 1372 608 1321 630 1276 611 1273 611 1270 611 1267 611 1216 630 1187 608 1184 611 1152 611 1139 611 1065 627 1033 611 1024 611 998 611 979 617 963 633 963 720 960 736 995 755 998 755 1001 755 1744 742 1894 742 1926 745 2051 761 2054 761 2259 748 2316 745 2384 748 2553 761 2556 761 3542 758 3545 736 3542 652 3523 643"/></Shape>
	    <String CONTENT="quod pedes affectuũ uulnerat Sexto .s. flumina ter" HPOS="960" VPOS="604" WIDTH="2585" HEIGHT="157"/>
          </TextLine>

          
          
          <TextLine ID="eSc_line_bc4add7b" TAGREFS="LT1415" BASELINE="947 832 2009 819 3558 841" HPOS="944" VPOS="723" WIDTH="2614" HEIGHT="147">
            <Shape><Polygon POINTS="947 832 944 848 3552 870 3558 841 3555 755 3020 732 3017 732 2924 748 2828 732 2825 732 2745 748 2742 748 2723 748 2265 732 2262 732 2102 745 2096 745 2089 745 1926 726 1923 726 1411 739 1347 723 1344 723 1340 723 947 739 947 832"/></Shape>
	    <String CONTENT="renaꝵ diuiciaꝵ que totum hominem absorbent et" HPOS="944" VPOS="723" WIDTH="2614" HEIGHT="147"/>
          </TextLine>

          
          
          <TextLine ID="eSc_line_f8856833" TAGREFS="LT1415" BASELINE="1206 921 3084 931" HPOS="1200" VPOS="825" WIDTH="1881" HEIGHT="130">
            <Shape><Polygon POINTS="3072 835 3024 835 2976 835 2928 830 2880 830 2832 830 2784 830 2736 830 2688 830 2640 830 2625 825 1204 835 1204 916 1200 940 3072 955 3081 926 3072 835 3072 835"/></Shape>
	    <String CONTENT="ssumpcio gloriose uir ¶ suffocant" HPOS="1200" VPOS="825" WIDTH="1881" HEIGHT="130"/>
          </TextLine>

          
          
          <TextLine ID="eSc_line_d038c463" TAGREFS="LT1416" BASELINE="3111 932 3558 934" HPOS="3110" VPOS="844" WIDTH="446" HEIGHT="144">
            <Shape><Polygon POINTS="3110 974 3552 988 3556 931 3552 844 3110 849 3110 931"/></Shape>
	    <String CONTENT="D̾ assũpcoe" HPOS="3110" VPOS="844" WIDTH="446" HEIGHT="144"/>
          </TextLine>

          
          
          <TextLine ID="eSc_line_284a4168" TAGREFS="LT1415" BASELINE="1216 1030 3084 1028" HPOS="1214" VPOS="926" WIDTH="1867" HEIGHT="134">
            <Shape><Polygon POINTS="1214 1027 1214 1051 3076 1060 3081 1027 3076 926 1214 936 1214 1027"/></Shape>
	    <String CONTENT="ginis marie pre ceteris sanctoꝵ sol" HPOS="1214" VPOS="926" WIDTH="1867" HEIGHT="134"/>
          </TextLine>

          
          
          <TextLine ID="eSc_line_1fe03659" TAGREFS="LT1416" BASELINE="3111 1028 3542 1027" HPOS="3105" VPOS="940" WIDTH="432" HEIGHT="140">
            <Shape><Polygon POINTS="3110 1080 3537 1060 3537 1022 3528 950 3105 940 3110 1027"/></Shape>
	    <String CONTENT="scẽ marie." HPOS="3105" VPOS="940" WIDTH="432" HEIGHT="140"/>
          </TextLine>

          
          
          <TextLine ID="eSc_line_0368ec52" TAGREFS="LT1415" BASELINE="937 1132 2531 1132 3523 1158" HPOS="937" VPOS="1020" WIDTH="2586" HEIGHT="160">
            <Shape><Polygon POINTS="2601 1030 2598 1030 2595 1030 2502 1049 2476 1030 2473 1030 2470 1030 2467 1030 2256 1049 2240 1049 2233 1049 2156 1030 2153 1030 2150 1030 2147 1030 2144 1030 2121 1046 2016 1030 2012 1030 1696 1043 1644 1030 1641 1030 1609 1030 1577 1030 1545 1030 1513 1030 1494 1030 1312 1040 966 1020 963 1020 960 1020 956 1020 937 1033 937 1132 937 1164 1286 1148 1331 1168 1334 1168 1337 1168 1350 1168 1718 1152 1833 1171 1836 1171 1840 1171 1843 1171 1971 1155 2195 1174 2214 1174 2217 1174 2249 1174 2633 1158 3516 1180 3523 1158 3523 1059 3001 1056 3001 1052 2918 1033 2915 1033 2912 1033 2908 1033 2876 1049 2777 1033 2774 1033 2652 1052 2640 1052 2636 1052 2604 1030 2601 1030"/></Shape>
	    <String CONTENT="lempnitatib cum uigilia cum officio cum octa" HPOS="937" VPOS="1020" WIDTH="2586" HEIGHT="160"/>
          </TextLine>

          
          
          <TextLine ID="eSc_line_11796f86" TAGREFS="LT1415" BASELINE="937 1235 3536 1251" HPOS="934" VPOS="1136" WIDTH="2602" HEIGHT="144">
            <Shape><Polygon POINTS="3049 1148 3017 1145 2985 1145 2953 1145 2921 1145 2889 1142 2857 1142 2825 1142 2793 1142 2761 1139 2729 1139 2697 1139 2665 1139 2492 1139 2489 1139 2416 1155 2412 1155 2409 1155 2246 1139 2243 1139 2134 1155 2121 1155 2118 1155 2073 1136 2070 1136 2067 1136 1894 1148 1689 1136 1673 1136 1641 1136 1609 1136 1494 1152 1475 1152 1452 1148 1350 1136 1321 1136 1289 1136 1257 1136 1180 1148 1174 1148 1168 1148 1120 1136 1097 1136 1075 1136 1052 1148 1049 1148 937 1148 937 1235 934 1251 3529 1280 3536 1251 3532 1164 3136 1164 3123 1161 3059 1148 3049 1148"/></Shape>
	    <String CONTENT="ua celebriter frequẽtãtur. quia sicut dicit ierõi" HPOS="934" VPOS="1136" WIDTH="2602" HEIGHT="144"/>
          </TextLine>

          
          
          <TextLine ID="eSc_line_4652e24f" TAGREFS="LT1415" BASELINE="940 1344 2470 1340 3529 1372" HPOS="940" VPOS="1238" WIDTH="2589" HEIGHT="157">
            <Shape><Polygon POINTS="2732 1248 2700 1248 2668 1248 2636 1248 2614 1248 2432 1257 2393 1244 2380 1244 2361 1244 2246 1264 2054 1244 2028 1244 1996 1244 1964 1241 1942 1241 1760 1254 1638 1241 1612 1241 1580 1241 1548 1241 1520 1241 1376 1257 1302 1238 1299 1238 1296 1238 1292 1238 1244 1257 1193 1241 1190 1241 1187 1241 940 1254 940 1344 940 1376 1180 1376 1180 1372 1184 1372 1219 1356 1241 1376 1244 1376 1248 1376 1251 1376 1260 1376 1504 1360 1529 1376 1532 1376 1536 1376 1539 1376 2364 1366 2390 1382 2393 1382 2396 1382 2400 1382 2742 1369 2832 1385 2835 1385 3097 1372 3142 1392 3145 1392 3148 1392 3152 1395 3526 1395 3529 1372 3526 1276 2761 1248 2732 1248"/></Shape>
	    <String CONTENT="mus in sermone Totum est ad laudem unigeniti" HPOS="940" VPOS="1238" WIDTH="2589" HEIGHT="157"/>
          </TextLine>

          
          
          <TextLine ID="eSc_line_c2564094" TAGREFS="LT1415" BASELINE="931 1452 2521 1449 3545 1465" HPOS="928" VPOS="1350" WIDTH="2617" HEIGHT="141">
            <Shape><Polygon POINTS="3139 1363 3107 1363 3094 1360 3056 1372 3049 1372 3020 1372 2812 1356 2809 1356 2640 1366 2595 1369 2576 1366 2508 1353 2505 1353 2409 1366 2368 1369 2147 1363 1884 1353 1881 1353 1878 1353 1875 1353 1868 1360 1852 1372 1670 1372 1561 1356 1510 1350 1507 1350 1372 1353 1008 1366 931 1350 931 1452 928 1468 3539 1491 3545 1465 3545 1379 3161 1376 3161 1372 3139 1363 3139 1363"/></Shape>
	    <String CONTENT="dei quicquit ip̃iꝰ genitrici famulatum fuerit ⁊ in" HPOS="928" VPOS="1350" WIDTH="2617" HEIGHT="141"/>
          </TextLine>

          
          
          <TextLine ID="eSc_line_74dfc05e" TAGREFS="LT1415" BASELINE="934 1564 2051 1555 3542 1574" HPOS="931" VPOS="1452" WIDTH="2611" HEIGHT="157">
            <Shape><Polygon POINTS="3180 1462 3075 1481 3068 1481 3065 1481 3043 1462 3040 1462 3036 1462 2921 1459 2918 1459 2915 1459 2851 1478 2736 1459 2732 1459 2348 1472 2252 1456 2249 1456 2246 1456 2163 1475 2060 1456 2057 1456 1590 1472 1558 1452 1555 1452 1552 1452 1548 1452 1545 1452 1504 1472 934 1472 934 1564 931 1574 1062 1596 1065 1596 1507 1577 1555 1577 1632 1577 2310 1600 2313 1600 2316 1600 2384 1584 2460 1603 2464 1603 2467 1603 2681 1584 2707 1600 2710 1600 2713 1600 2716 1600 2720 1600 2758 1587 2924 1606 2928 1609 3171 1609 3171 1606 3174 1606 3177 1606 3200 1587 3248 1606 3251 1606 3254 1609 3513 1609 3513 1606 3516 1606 3520 1606 3539 1587 3542 1574 3539 1484 3184 1462 3180 1462"/></Shape>
	    <String CONTENT="pensum De hac festiuitate dicit augustinꝰ Hodie" HPOS="931" VPOS="1452" WIDTH="2611" HEIGHT="157"/>
          </TextLine>

          
          
          <TextLine ID="eSc_line_db3206ae" TAGREFS="LT1415" BASELINE="947 1664 2147 1660 3507 1680" HPOS="944" VPOS="1561" WIDTH="2563" HEIGHT="160">
            <Shape><Polygon POINTS="3324 1574 3321 1574 3318 1574 3200 1593 3187 1593 2825 1593 2819 1590 2694 1571 2691 1571 2582 1590 2569 1590 2556 1590 2451 1568 2448 1568 2313 1584 2131 1568 2128 1568 2124 1568 2096 1584 2073 1564 2070 1564 2067 1564 1718 1564 1715 1564 1712 1564 1673 1584 1670 1584 1619 1561 1616 1561 1612 1561 947 1577 947 1664 944 1689 1366 1705 1369 1705 1520 1692 1600 1686 2080 1686 2118 1692 2259 1712 2262 1712 2518 1692 2556 1692 2563 1692 2614 1715 2617 1715 2620 1715 2624 1715 2681 1699 3052 1718 3056 1721 3459 1721 3459 1718 3462 1718 3504 1696 3507 1680 3504 1596 3353 1596 3350 1593 3328 1574 3324 1574"/></Shape>
	    <String CONTENT="dei genitrix de seculo nequam eripitur gaudeat" HPOS="944" VPOS="1561" WIDTH="2563" HEIGHT="160"/>
          </TextLine>

          
          
          <TextLine ID="eSc_line_526b134f" TAGREFS="LT1415" BASELINE="940 1779 2134 1772 3542 1798" HPOS="940" VPOS="1667" WIDTH="2602" HEIGHT="166">
            <Shape><Polygon POINTS="940 1779 940 1804 2192 1804 2198 1808 2224 1824 2227 1824 2230 1824 2233 1824 2508 1808 2534 1808 2553 1808 2800 1830 2803 1830 3164 1814 3241 1833 3244 1833 3248 1833 3388 1814 3494 1833 3497 1833 3500 1833 3539 1811 3542 1798 3536 1702 2819 1712 2729 1699 2588 1680 2585 1680 2582 1680 2502 1699 2499 1699 2496 1699 2406 1680 2403 1680 2284 1699 2281 1699 2278 1699 2224 1676 2220 1676 2217 1676 1625 1689 1507 1670 1504 1670 1276 1699 1257 1699 1155 1699 1129 1699 1065 1667 1062 1667 1059 1667 940 1696 940 1779"/></Shape>
	    <String CONTENT="õis mũdus quia cũ xp̃o regnat in eternũ. Hec ergo fes" HPOS="940" VPOS="1667" WIDTH="2602" HEIGHT="166"/>
          </TextLine>

          
          
          <TextLine ID="eSc_line_4dd16ee2" TAGREFS="LT1415" BASELINE="931 1875 1980 1881 3564 1913" HPOS="928" VPOS="1792" WIDTH="2636" HEIGHT="156">
            <Shape><Polygon POINTS="931 1875 928 1897 950 1913 953 1913 956 1913 1238 1920 1241 1920 1331 1904 1356 1923 1360 1923 1363 1923 1366 1923 1721 1910 1750 1910 1760 1910 1868 1929 1872 1929 2080 1916 2108 1916 2112 1916 2153 1936 2156 1936 2160 1936 2316 1923 2355 1920 2550 1920 2566 1926 2611 1942 2614 1942 2617 1942 2704 1929 2732 1926 2761 1929 2838 1945 2841 1948 3561 1948 3564 1913 3564 1836 3283 1830 3244 1804 3241 1804 3238 1804 3235 1804 3232 1804 3171 1827 2976 1827 2972 1824 2864 1798 2860 1798 2857 1798 2854 1798 2822 1820 2681 1801 2678 1801 2675 1801 2627 1814 2556 1792 2553 1792 931 1792 931 1875"/></Shape>
	    <String CONTENT="tiuitas secũdum theologos tribus modis insignitur." HPOS="928" VPOS="1792" WIDTH="2636" HEIGHT="156"/>
          </TextLine>

          
          
          <TextLine ID="eSc_line_2e4551fb" TAGREFS="LT1415" BASELINE="921 1984 3539 2032" HPOS="918" VPOS="1881" WIDTH="2621" HEIGHT="183">
            <Shape><Polygon POINTS="921 1984 918 2003 1280 2028 1283 2028 1555 2019 1600 2019 1622 2022 1718 2035 1721 2035 1776 2025 1792 2022 3532 2064 3539 2032 3536 1952 3200 1945 3174 1923 3171 1923 3168 1923 3164 1923 3036 1939 2956 1916 2953 1916 2950 1916 2700 1932 2486 1907 2483 1907 1968 1920 1833 1904 1830 1904 1673 1913 1600 1891 1596 1891 1593 1891 1590 1891 1520 1910 1270 1910 1184 1884 1180 1884 1177 1884 1174 1884 1094 1904 1036 1881 1033 1881 1030 1881 921 1900 921 1984"/></Shape>
	    <String CONTENT="Primo quidem uocatur festũ dormiciõis ꝓpter mun" HPOS="918" VPOS="1881" WIDTH="2621" HEIGHT="183"/>
          </TextLine>

          
          
          <TextLine ID="eSc_line_59755405" TAGREFS="LT1415" BASELINE="931 2089 3526 2144" HPOS="928" VPOS="1993" WIDTH="2598" HEIGHT="186">
            <Shape><Polygon POINTS="931 2089 928 2105 1545 2140 1548 2140 1766 2128 1843 2147 1846 2147 1849 2147 2000 2131 2915 2169 3478 2179 3481 2179 3484 2179 3523 2160 3526 2144 3526 2067 3424 2064 3376 2038 3372 2038 3369 2038 3254 2057 3228 2038 3228 2035 3225 2035 3222 2035 3219 2035 3104 2054 2608 2022 2604 2022 2480 2041 2476 2041 2425 2019 2422 2019 2419 2019 2323 2035 2300 2016 2297 2016 2294 2016 2291 2016 1478 2019 1408 2019 1404 2019 1376 2000 1372 2000 1369 2000 1366 2000 1254 2016 1241 2016 1232 2016 1142 1993 1139 1993 931 2006 931 2089"/></Shape>
	    <String CONTENT="di subpeditationẽ. Unde p̃s Cum dederit dilectis suis" HPOS="928" VPOS="1993" WIDTH="2598" HEIGHT="186"/>
          </TextLine>

          
          
          <TextLine ID="eSc_line_23a82d9b" TAGREFS="LT1415" BASELINE="928 2195 3520 2246" HPOS="924" VPOS="2102" WIDTH="2596" HEIGHT="186">
            <Shape><Polygon POINTS="3331 2140 3328 2140 3324 2140 3321 2140 3283 2160 3280 2160 2992 2156 2988 2153 2969 2137 2966 2137 2963 2137 2960 2137 2956 2137 2924 2153 2921 2153 2915 2153 2841 2131 2838 2131 2835 2131 2752 2147 2739 2150 2729 2147 2675 2128 2672 2128 2668 2128 2582 2144 2572 2147 2569 2144 2547 2128 2547 2124 2544 2124 2540 2124 2537 2124 2534 2124 2496 2140 2220 2118 2217 2118 2067 2134 2054 2134 2051 2134 2003 2115 2000 2115 1996 2115 1795 2128 1740 2131 1734 2128 1699 2108 1696 2108 1692 2108 1616 2124 1596 2128 1574 2124 1500 2108 1497 2108 1494 2108 1462 2121 1456 2124 1449 2121 1420 2102 1417 2102 1414 2102 1411 2102 928 2108 928 2195 924 2220 972 2240 976 2240 979 2240 1145 2227 1187 2224 1200 2227 1260 2252 1264 2252 1411 2256 1414 2256 1513 2240 1603 2259 1606 2259 1705 2236 1731 2233 1744 2240 1782 2256 1785 2256 1788 2256 1852 2240 1875 2236 1904 2243 1958 2256 1961 2256 1964 2256 2019 2246 2048 2240 2380 2243 2396 2252 2425 2265 2428 2265 2432 2265 2496 2256 2512 2252 2515 2256 2544 2278 2547 2278 2550 2278 2761 2281 2764 2281 2768 2281 2841 2262 2848 2262 2867 2262 3123 2288 3126 2288 3129 2288 3168 2272 3513 2275 3520 2246 3516 2166 3372 2166 3366 2163 3334 2140 3331 2140"/></Shape>
	    <String CONTENT="sompnũ hec est hereditas domini Scd̾o uero festum" HPOS="924" VPOS="2102" WIDTH="2596" HEIGHT="186"/>
          </TextLine>

          
          
          <TextLine ID="eSc_line_3df74c5b" TAGREFS="LT1415" BASELINE="928 2313 2240 2336 2649 2358 3507 2361" HPOS="924" VPOS="2214" WIDTH="2583" HEIGHT="186">
            <Shape><Polygon POINTS="928 2313 924 2348 3302 2400 3305 2400 3504 2384 3507 2361 3504 2281 2966 2275 2963 2272 2902 2246 2899 2246 2896 2246 2892 2246 2838 2268 2704 2268 2512 2268 2505 2265 2476 2249 2473 2249 2470 2249 2313 2256 2256 2233 2252 2233 2249 2233 2134 2249 2086 2230 2083 2230 2080 2230 1891 2243 1875 2230 1875 2227 1872 2227 1868 2227 1625 2227 1622 2227 1536 2246 1472 2227 1468 2227 1465 2227 1299 2243 1273 2246 1248 2243 1059 2214 1056 2214 928 2236 928 2313"/></Shape>
	    <String CONTENT="assumpcionis ꝓpter celi serenacionẽ. Unde cantat ec" HPOS="924" VPOS="2214" WIDTH="2583" HEIGHT="186"/>
          </TextLine>

          
          
          <TextLine ID="eSc_line_e0f425fb" TAGREFS="LT1415" BASELINE="918 2428 1846 2441 2828 2476 3536 2476" HPOS="915" VPOS="2329" WIDTH="2621" HEIGHT="199">
            <Shape><Polygon POINTS="918 2428 915 2457 1446 2460 1481 2467 1612 2489 1616 2489 1619 2489 1686 2470 1699 2470 2054 2473 2070 2476 2166 2496 2169 2496 2172 2496 2204 2483 3052 2518 3056 2518 3360 2508 3382 2524 3385 2524 3388 2524 3392 2528 3494 2528 3494 2524 3497 2524 3500 2524 3532 2502 3536 2476 3536 2400 3369 2377 3366 2377 3363 2377 3315 2393 3308 2393 2649 2384 2611 2374 2540 2358 2537 2358 2534 2358 2492 2371 2464 2377 2307 2377 2211 2361 2099 2348 2096 2348 2012 2358 1945 2364 1929 2355 1916 2345 1913 2345 1910 2345 1747 2342 1744 2342 1740 2342 1712 2348 1657 2361 1481 2358 1462 2342 1456 2336 1452 2336 1449 2336 1446 2336 1385 2339 1254 2352 1200 2336 1190 2332 1187 2332 1184 2332 1180 2332 1174 2336 1136 2352 918 2329 918 2428"/></Shape>
	    <String CONTENT="clesia. assumpta est maria incelũ exercitus angeloꝵ." HPOS="915" VPOS="2329" WIDTH="2621" HEIGHT="199"/>
          </TextLine>

          
          
          <TextLine ID="eSc_line_e80e307e" TAGREFS="LT1415" BASELINE="899 2556 1846 2566 3536 2614" HPOS="896" VPOS="2441" WIDTH="2640" HEIGHT="208">
            <Shape><Polygon POINTS="899 2556 896 2572 3529 2649 3536 2614 3536 2534 3254 2528 3244 2521 3190 2505 3187 2505 3184 2505 2969 2512 2876 2515 2841 2508 2771 2492 2768 2492 2700 2502 2662 2508 2649 2502 2633 2489 2630 2489 2627 2489 2624 2489 2524 2496 2489 2499 2480 2496 2454 2483 2451 2483 2448 2483 2444 2483 2419 2492 2403 2499 2387 2492 2345 2476 2342 2476 2339 2476 2249 2486 2208 2492 2195 2486 2176 2470 2172 2470 2169 2470 1788 2460 1785 2460 1740 2470 1660 2486 1347 2464 1344 2464 1123 2473 1046 2444 1043 2444 1040 2444 899 2441 899 2556"/></Shape>
	    <String CONTENT="Tercio uocatur festũ glorificacionis propter ip̃iꝰ ma" HPOS="896" VPOS="2441" WIDTH="2640" HEIGHT="208"/>
          </TextLine>

          
          
          <TextLine ID="eSc_line_c97c7c7d" TAGREFS="LT1415" BASELINE="912 2675 1993 2688 3523 2726" HPOS="912" VPOS="2579" WIDTH="2611" HEIGHT="185">
            <Shape><Polygon POINTS="912 2675 912 2713 1148 2700 1206 2720 1212 2720 1216 2720 1219 2720 1248 2720 1417 2707 1510 2723 1539 2726 1542 2726 1612 2723 1814 2713 2128 2716 2160 2729 2185 2739 2188 2739 2192 2739 2252 2732 2297 2726 2316 2732 2342 2742 2345 2742 2348 2742 2601 2736 2745 2732 2892 2739 3369 2764 3372 2764 3520 2745 3523 2726 3523 2646 3190 2617 3187 2617 2924 2630 2854 2604 2851 2604 2848 2604 2668 2624 2598 2598 2595 2598 2592 2598 2492 2620 2396 2595 2393 2595 2390 2595 2387 2595 2339 2617 2214 2601 2211 2601 2140 2614 2108 2588 2105 2588 2102 2588 2099 2588 2096 2588 2038 2604 1958 2585 1955 2585 1952 2585 1948 2585 1900 2608 1875 2585 1872 2585 1868 2585 1667 2579 1664 2579 1660 2579 1571 2601 1478 2582 1475 2582 1392 2598 912 2592 912 2675"/></Shape>
	    <String CONTENT="tris coronacionẽ Unde dicit sponsus Canticoꝵ tercio." HPOS="912" VPOS="2579" WIDTH="2611" HEIGHT="185"/>
          </TextLine>

          
          
          <TextLine ID="eSc_line_a1a53574" TAGREFS="LT1415" BASELINE="899 2806 1920 2812 3510 2854" HPOS="896" VPOS="2710" WIDTH="2614" HEIGHT="166">
            <Shape><Polygon POINTS="899 2806 896 2822 3504 2876 3510 2854 3510 2768 3062 2761 3052 2755 3017 2742 3014 2742 3011 2742 2908 2752 2883 2755 2854 2752 2755 2736 2752 2736 2748 2736 2707 2748 2704 2748 2694 2748 2566 2729 899 2710 899 2806"/></Shape>
	    <String CONTENT="Surge ꝓpera amica mea ueni de lybano ueni corona" HPOS="896" VPOS="2710" WIDTH="2614" HEIGHT="166"/>
          </TextLine>

          
          
          <TextLine ID="eSc_line_96b1cd61" TAGREFS="LT1415" BASELINE="908 2905 3510 2963" HPOS="905" VPOS="2809" WIDTH="2605" HEIGHT="179">
            <Shape><Polygon POINTS="908 2809 908 2905 905 2924 1104 2947 1107 2947 1468 2940 1488 2956 1491 2956 1494 2956 1497 2956 2185 2956 2355 2976 2358 2976 2784 2969 2931 2988 2934 2988 3507 2982 3510 2963 3510 2883 2915 2844 2912 2844 2822 2860 2790 2864 2601 2860 2592 2851 2572 2838 2569 2838 2566 2838 2563 2838 2444 2848 2358 2854 2278 2841 2188 2828 2185 2828 2137 2838 2083 2848 1798 2828 1632 2816 1628 2816 1465 2816 979 2822 940 2809 908 2809"/></Shape>
	    <String CONTENT="beris ¶ Primũ nomen figuratur ꝑ sabbatum. cui" HPOS="905" VPOS="2809" WIDTH="2605" HEIGHT="179"/>
          </TextLine>

          
          
          <TextLine ID="eSc_line_a7fde6c3" TAGREFS="LT1415" BASELINE="908 3017 3484 3078" HPOS="905" VPOS="2915" WIDTH="2579" HEIGHT="201">
            <Shape><Polygon POINTS="908 3017 905 3036 1043 3062 1046 3062 1177 3046 1350 3068 1353 3068 1356 3068 1427 3052 2038 3084 2041 3084 2044 3084 2115 3068 2262 3091 2585 3097 2588 3097 2592 3097 2649 3081 2713 3100 2716 3100 2985 3107 2988 3107 2992 3107 3036 3091 3075 3110 3078 3110 3350 3116 3353 3116 3481 3097 3484 3078 3484 2995 3078 2960 3075 2960 2950 2979 2940 2979 2806 2979 2803 2976 2758 2953 2755 2953 2752 2953 2454 2966 2403 2966 2361 2963 2220 2947 2217 2947 2166 2956 2150 2960 2147 2956 2118 2937 2115 2937 2112 2937 2108 2937 1916 2950 1859 2953 1849 2950 1827 2937 1824 2937 1820 2937 1712 2944 1673 2947 1667 2944 1641 2928 1638 2928 1635 2928 1632 2928 1628 2928 1593 2940 1587 2944 1580 2940 1529 2924 1526 2924 1523 2924 1395 2937 1344 2940 1334 2934 1315 2918 1312 2918 1308 2918 1305 2918 1222 2931 1184 2937 1132 2928 1049 2915 1046 2915 908 2921 908 3017"/></Shape>
	    <String CONTENT="dñs bñdixit sicut in libro genesis legitur Bñdixit" HPOS="905" VPOS="2915" WIDTH="2579" HEIGHT="201"/>
          </TextLine>

          
          
          <TextLine ID="eSc_line_db540e93" TAGREFS="LT1415" BASELINE="908 3123 3520 3187" HPOS="905" VPOS="3036" WIDTH="2615" HEIGHT="192">
            <Shape><Polygon POINTS="908 3123 905 3148 3257 3228 3260 3228 3516 3209 3520 3187 3520 3097 908 3036 908 3123"/></Shape>
	    <String CONTENT="deus diei septimo ⁊ sanctificauit eũ. quia in ip̃o cessa" HPOS="905" VPOS="3036" WIDTH="2615" HEIGHT="192"/>
          </TextLine>

          
          
          <TextLine ID="eSc_line_cc8ce2b0" TAGREFS="LT1415" BASELINE="905 3238 1993 3257 3030 3305 3548 3312" HPOS="902" VPOS="3139" WIDTH="2646" HEIGHT="221">
            <Shape><Polygon POINTS="905 3238 902 3276 1036 3267 1116 3286 1148 3292 1152 3292 1155 3292 1168 3286 1203 3270 1280 3286 1283 3286 1468 3273 1571 3296 1580 3296 1584 3296 1590 3296 1673 3280 1699 3299 1708 3308 1712 3308 1715 3308 1718 3308 1792 3299 1904 3286 2403 3312 2745 3331 2748 3331 2819 3321 2867 3315 2880 3324 2908 3344 2912 3344 2915 3344 2918 3344 3171 3334 3328 3356 3504 3360 3507 3360 3510 3360 3513 3360 3545 3337 3548 3312 3548 3225 3440 3206 3436 3206 2870 3206 2790 3206 2784 3206 2758 3187 2755 3187 2752 3187 2748 3187 2745 3187 2707 3203 2704 3203 2464 3200 2396 3193 1907 3161 1904 3161 1830 3177 1824 3177 1795 3177 1548 3155 1545 3155 1542 3155 1494 3168 1488 3168 1478 3168 1363 3145 1360 3145 1270 3161 1260 3161 1244 3161 1107 3139 1104 3139 905 3148 905 3238"/></Shape>
	    <String CONTENT="uerat ab omni oꝑe suo Dormientib quidem ĩ xp̃o di" HPOS="902" VPOS="3139" WIDTH="2646" HEIGHT="221"/>
          </TextLine>

          
          
          <TextLine ID="eSc_line_df11ffae" TAGREFS="LT1415" BASELINE="908 3360 2134 3372 2537 3385 2860 3417 3500 3427" HPOS="905" VPOS="3260" WIDTH="2595" HEIGHT="186">
            <Shape><Polygon POINTS="908 3360 905 3382 1312 3388 1321 3395 1401 3417 1404 3417 1408 3417 1411 3417 1475 3398 1488 3395 1500 3398 1612 3424 1616 3424 1619 3424 1686 3404 1865 3420 1868 3420 1952 3408 2006 3401 2236 3414 2393 3424 2396 3424 2448 3420 2550 3411 2566 3424 2592 3443 2595 3443 2598 3443 2601 3443 2723 3427 2726 3427 2752 3446 2755 3446 2758 3446 2761 3446 3497 3443 3500 3427 3500 3337 3171 3315 3168 3315 2857 3321 2806 3321 2793 3321 2668 3296 2665 3296 2556 3315 2550 3315 2547 3315 2483 3292 2480 3292 2476 3292 2473 3292 2419 3305 2387 3283 2384 3283 2380 3283 2377 3283 2224 3296 1968 3276 1964 3276 1961 3276 1916 3299 1766 3299 1715 3299 1712 3296 1635 3270 1632 3270 1628 3270 1372 3289 1344 3289 1340 3289 1299 3267 1296 3267 1292 3267 1164 3283 1161 3283 1078 3260 1075 3260 1072 3260 908 3276 908 3360"/></Shape>
	    <String CONTENT="citur Requiescant a laboribus eoꝵ ¶ Secũdum no" HPOS="905" VPOS="3260" WIDTH="2595" HEIGHT="186"/>
          </TextLine>

          
          
          <TextLine ID="eSc_line_7c7a411c" TAGREFS="LT1415" BASELINE="905 3472 1929 3488 3494 3536" HPOS="902" VPOS="3372" WIDTH="2592" HEIGHT="196">
            <Shape><Polygon POINTS="905 3472 902 3497 921 3513 924 3513 928 3513 1123 3516 1126 3516 1129 3516 1164 3500 1292 3523 1296 3523 1388 3504 1398 3504 1408 3504 1516 3523 1520 3523 1804 3516 1817 3516 1820 3516 1846 3536 1849 3536 1852 3536 1856 3536 2000 3520 2025 3520 2358 3526 2371 3532 2438 3552 2441 3552 2444 3552 2448 3552 2496 3536 2505 3532 2598 3536 2601 3539 2640 3558 2643 3558 2646 3558 2649 3558 2716 3542 2729 3539 2774 3542 3004 3568 3008 3568 3491 3561 3494 3536 3494 3459 3280 3430 3276 3430 3273 3430 3235 3446 3209 3427 3206 3427 3203 3427 3200 3427 3196 3427 3193 3427 3161 3446 2899 3440 2640 3436 2636 3433 2512 3404 2387 3401 2384 3401 2380 3401 2300 3424 2147 3395 1977 3392 1974 3392 1971 3392 1907 3414 1904 3414 1808 3411 1686 3408 1664 3388 1660 3388 1657 3388 1654 3388 1523 3398 1497 3379 1494 3379 1491 3379 1488 3379 1484 3379 1427 3398 1318 3395 1273 3372 1270 3372 1267 3372 905 3385 905 3472"/></Shape>
	    <String CONTENT="men figuratur ꝑ moysi tumulacionem. quia sicut" HPOS="902" VPOS="3372" WIDTH="2592" HEIGHT="196"/>
          </TextLine>

          
          
          <TextLine ID="eSc_line_f6d53f41" TAGREFS="LT1415" BASELINE="899 3609 1513 3606 3539 3654" HPOS="896" VPOS="3500" WIDTH="2643" HEIGHT="199">
            <Shape><Polygon POINTS="899 3609 896 3635 2137 3644 2220 3667 2224 3667 2227 3667 2294 3654 2320 3670 2326 3676 2329 3676 2332 3676 2336 3676 2368 3673 2480 3654 2832 3683 2880 3686 2883 3686 2915 3686 3129 3673 3532 3699 3539 3654 3536 3539 3241 3561 2716 3536 2713 3536 2710 3536 2675 3548 2643 3526 2633 3520 2630 3520 2627 3520 2624 3520 2588 3526 2486 3545 2377 3545 2336 3523 2316 3513 2313 3513 2310 3513 2262 3523 2208 3532 2179 3520 2153 3510 2150 3510 2147 3510 2144 3510 2121 3520 2092 3536 2064 3520 2044 3507 2041 3507 2038 3507 2035 3507 2032 3507 2028 3507 2009 3520 2003 3523 1987 3520 1942 3507 1939 3507 1936 3507 1932 3507 1929 3507 1916 3516 1900 3529 1772 3529 1740 3516 1708 3500 1705 3500 1702 3500 899 3504 899 3609"/></Shape>
	    <String CONTENT="sepulcrũ illiꝰ iudeis est incõgnitũ sic beate uirginis" HPOS="896" VPOS="3500" WIDTH="2643" HEIGHT="199"/>
          </TextLine>

          
          
          <TextLine ID="eSc_line_fb60cc36" TAGREFS="LT1415" BASELINE="905 3721 3513 3779" HPOS="902" VPOS="3619" WIDTH="2611" HEIGHT="198">
            <Shape><Polygon POINTS="905 3721 902 3747 3507 3817 3513 3779 3513 3676 3369 3692 2870 3683 2816 3664 2793 3657 2790 3657 2787 3657 2755 3664 2697 3676 2649 3660 2627 3654 2624 3654 2620 3654 2553 3660 2448 3670 2428 3657 2425 3654 2422 3654 2419 3654 2416 3654 2380 3657 2300 3667 2217 3654 2150 3644 2147 3644 2144 3644 2118 3654 2086 3664 2016 3651 1952 3641 1948 3641 1945 3641 1916 3651 1891 3657 1846 3648 1772 3635 1769 3635 1692 3648 1641 3654 1606 3644 1580 3638 1577 3638 1574 3638 1411 3641 1286 3644 1264 3638 1196 3622 1193 3622 1190 3622 1123 3638 1100 3641 1065 3638 956 3619 953 3619 950 3619 905 3632 905 3721"/></Shape>
	    <String CONTENT="transitus omnibꝰ est incertus. sicut dicit ieronimꝰ" HPOS="902" VPOS="3619" WIDTH="2611" HEIGHT="198"/>
          </TextLine>

          
          
          <TextLine ID="eSc_line_8596d32a" TAGREFS="LT1415" BASELINE="905 3836 1936 3875 3520 3897" HPOS="902" VPOS="3740" WIDTH="2618" HEIGHT="196">
            <Shape><Polygon POINTS="905 3836 902 3872 3513 3936 3520 3897 3520 3817 3270 3811 3212 3785 3209 3785 3206 3785 3088 3808 3078 3808 3075 3808 3036 3782 3033 3782 3030 3782 3027 3782 3024 3782 2950 3801 2880 3779 2876 3779 2873 3779 2723 3795 2608 3772 2521 3772 2518 3772 2515 3772 2512 3772 2486 3792 2428 3769 2425 3769 2422 3769 2419 3769 2371 3792 1740 3782 1737 3779 1702 3753 1699 3753 1696 3753 1692 3753 1689 3753 1622 3776 1619 3776 1545 3750 1542 3750 1539 3750 1536 3750 1491 3772 1388 3756 1385 3756 1302 3769 1296 3769 1289 3769 1084 3740 1081 3740 905 3760 905 3836"/></Shape>
	    <String CONTENT="in sermone Si uenerit in manibꝰ uestris id apocri" HPOS="902" VPOS="3740" WIDTH="2618" HEIGHT="196"/>
          </TextLine>

          
          
          <TextLine ID="eSc_line_55b9ac04" TAGREFS="LT1415" BASELINE="905 3961 3497 4012" HPOS="902" VPOS="3859" WIDTH="2595" HEIGHT="195">
            <Shape><Polygon POINTS="905 3961 902 3990 924 4006 928 4006 931 4006 934 4006 1708 4006 2038 4028 2041 4028 2684 4025 2739 4041 2742 4041 2745 4041 2748 4041 2803 4028 2844 4044 2848 4044 3334 4054 3337 4054 3494 4038 3497 4012 3497 3936 3334 3910 3331 3910 3328 3910 3292 3926 3257 3926 2883 3923 2876 3916 2860 3904 2857 3904 2854 3904 2851 3904 2748 3913 2694 3916 2684 3910 2668 3897 2668 3894 2665 3894 2662 3894 2521 3891 2518 3891 2419 3904 2374 3907 2348 3900 2310 3888 2307 3888 2304 3888 2300 3888 2272 3897 2243 3907 2208 3897 2172 3884 2169 3884 2166 3884 2108 3894 2038 3904 1795 3884 1676 3875 1673 3875 1670 3875 1660 3881 1632 3894 1600 3878 1593 3875 1590 3875 1587 3875 1552 3878 1404 3888 1344 3872 1334 3868 1331 3868 1328 3868 1324 3868 1321 3868 1270 3888 1216 3865 1209 3865 1206 3865 1203 3865 1193 3865 1104 3881 905 3859 905 3961"/></Shape>
	    <String CONTENT="fum de transitu beate uirgĩs. dubia pro certis reci" HPOS="902" VPOS="3859" WIDTH="2595" HEIGHT="195"/>
          </TextLine>

          
          
          <TextLine ID="eSc_line_567424b9" TAGREFS="LT1415" BASELINE="905 4080 3510 4134" HPOS="902" VPOS="3980" WIDTH="2608" HEIGHT="196">
            <Shape><Polygon POINTS="905 4080 902 4105 1072 4131 1075 4131 1187 4115 1212 4112 1728 4121 1747 4128 1820 4150 1824 4150 1827 4150 1932 4134 1977 4128 2070 4137 2284 4160 2288 4160 2505 4150 2809 4169 2812 4169 2816 4169 2854 4156 2889 4147 2902 4160 2905 4163 2908 4163 2912 4163 3107 4169 3110 4169 3113 4169 3123 4163 3145 4153 3180 4166 3209 4176 3212 4176 3216 4176 3507 4172 3510 4134 3507 4028 3206 4044 2969 4041 2947 4022 2944 4022 2940 4022 2937 4022 2662 4032 2614 4016 2595 4009 2592 4009 2588 4009 2540 4016 2444 4028 2377 4012 2345 4006 2342 4006 2339 4006 2320 4012 2284 4025 2224 4012 2185 4003 2182 4003 2019 4009 1830 4016 1763 4006 1670 3990 1667 3990 1552 4003 1510 4006 1459 4003 1344 3990 1340 3990 1286 4000 1267 4003 1257 4000 1219 3980 1216 3980 1212 3980 905 3993 905 4080"/></Shape>
	    <String CONTENT="piatis cum aliud ex eo nichil possit probari nisi qd̾" HPOS="902" VPOS="3980" WIDTH="2608" HEIGHT="196"/>
          </TextLine>

          
          
          <TextLine ID="eSc_line_e538ac2e" TAGREFS="LT1415" BASELINE="908 4211 3523 4256" HPOS="905" VPOS="4112" WIDTH="2618" HEIGHT="217">
            <Shape><Polygon POINTS="908 4211 905 4294 998 4297 1001 4297 1004 4297 1008 4297 1088 4259 1305 4284 1308 4284 1312 4284 1353 4265 1456 4265 1539 4297 1542 4297 1545 4297 1548 4297 1609 4268 1680 4307 1689 4310 1692 4310 1696 4313 1827 4313 1827 4310 1830 4310 1840 4307 1942 4281 2057 4304 2060 4304 2134 4288 2176 4304 2179 4304 2182 4304 2313 4297 2342 4313 2348 4320 2352 4320 2355 4320 2736 4326 2739 4326 2742 4326 2755 4320 2809 4291 2928 4291 3219 4310 3222 4310 3225 4310 3248 4297 3286 4323 3289 4323 3292 4323 3296 4323 3459 4313 3513 4329 3523 4256 3523 4182 3395 4182 3388 4179 3360 4160 3356 4160 3353 4160 3350 4160 3347 4160 3308 4176 3040 4176 3036 4172 2969 4147 2966 4147 2963 4147 2835 4169 2822 4169 2800 4169 2592 4147 2588 4147 2585 4147 2524 4163 2521 4163 2444 4140 2441 4140 2438 4140 2435 4140 2432 4140 2406 4163 2400 4163 2243 4163 2236 4160 2217 4144 2214 4144 2211 4144 2208 4144 2064 4156 2038 4156 2028 4153 1952 4134 1948 4134 1945 4134 1827 4150 1824 4150 1660 4121 1657 4121 1497 4140 1289 4115 1286 4115 1116 4131 1049 4112 1046 4112 1043 4112 1040 4112 1036 4112 1001 4137 908 4137 908 4211"/></Shape>
	    <String CONTENT="hodie gloriosa u̾go migrauit a corꝑe ¶ Terciũ nom̃" HPOS="905" VPOS="4112" WIDTH="2618" HEIGHT="217"/>
          </TextLine>

          
        </TextBlock>
        
        <TextBlock HPOS="822" VPOS="826" WIDTH="384" HEIGHT="284" ID="eSc_textblock_2d4e36d9" TAGREFS="BT4307">
          <Shape><Polygon POINTS="822 826 822 1110 1206 1110 1206 826"/></Shape>
          
        </TextBlock>
        

        
      </PrintSpace>
    </Page>
  </Layout>
</alto>
