<?xml version="1.0" encoding="UTF-8"?>
<alto xmlns:xsi="http://www.w3.org/2001/XMLSchema-instance"
      xmlns="http://www.loc.gov/standards/alto/ns-v4#"
      xsi:schemaLocation="http://www.loc.gov/standards/alto/ns-v4# http://www.loc.gov/standards/alto/v4/alto-4-2.xsd">
  <Description>
    <MeasurementUnit>pixel</MeasurementUnit>
    <sourceImageInformation>
      <fileName>UBL_Ms758_229r.jpg</fileName>
      
    </sourceImageInformation>
  </Description>
  
  <Tags>
    <OtherTag ID="BT4411" LABEL="MarginTextZone" DESCRIPTION="block type MarginTextZone"/><OtherTag ID="BT4309" LABEL="NumberingZone" DESCRIPTION="block type NumberingZone"/><OtherTag ID="BT4308" LABEL="MainZone" DESCRIPTION="block type MainZone"/><OtherTag ID="BT4307" LABEL="DropCapitalZone" DESCRIPTION="block type DropCapitalZone"/>
    <OtherTag ID="LT1415" LABEL="DefaultLine" DESCRIPTION="line type DefaultLine"/><OtherTag ID="LT1416" LABEL="HeadingLine" DESCRIPTION="line type HeadingLine"/>
  </Tags>
  
  <Layout>
    <Page WIDTH="3840"
          HEIGHT="5760"
          PHYSICAL_IMG_NR="10"
          ID="eSc_dummypage_">
      <PrintSpace HPOS="0"
                  VPOS="0"
                  WIDTH="3840"
                  HEIGHT="5760">
        
        <TextBlock HPOS="184"
                   VPOS="654"
                   WIDTH="2727"
                   HEIGHT="3694"
                   ID="eSc_textblock_bbabc2d4"
                   TAGREFS="BT4308">
          <Shape><Polygon POINTS="274 654 280 3822 184 3917 274 4348 2898 4348 2697 4100 2911 3802 2898 654"/></Shape>
          
          
          <TextLine ID="eSc_line_3e5a80b1"
                    TAGREFS="LT1415"
                    BASELINE="307 764 947 752 2803 755" 
                    HPOS="304"
                    VPOS="652"
                    WIDTH="2499"
                    HEIGHT="138">
            <Shape><Polygon POINTS="2348 652 2345 652 2179 675 2012 656 2000 659 1968 659 1936 659 1894 672 1820 662 1808 662 1776 662 1750 662 1718 675 1680 662 1680 662 1648 665 1616 665 1584 665 1552 665 1545 665 1468 675 1430 668 1424 668 1392 668 1360 668 1328 668 1296 672 1264 672 1232 672 1200 672 1168 672 1136 675 1104 675 1072 675 1040 675 1008 675 976 678 944 678 912 678 880 678 848 678 816 678 784 681 752 681 720 681 688 681 656 681 624 684 592 684 560 684 528 684 496 684 464 684 432 688 400 688 368 688 336 688 304 688 307 764 307 790 2800 774 2803 755 2800 678 2579 678 2534 652 2531 652 2528 652 2422 675 2352 652 2348 652"/></Shape>
	    <String CONTENT="nabat predicando quia multa milia uerbo suo in"
                    HPOS="304"
                    VPOS="652"
                    WIDTH="2499"
                    HEIGHT="138"></String>
          </TextLine>

          
          
          <TextLine ID="eSc_line_b42dc498"
                    TAGREFS="LT1415"
                    BASELINE="307 857 2873 851" 
                    HPOS="304"
                    VPOS="758"
                    WIDTH="2569"
                    HEIGHT="138">
            <Shape><Polygon POINTS="592 761 560 761 528 761 496 761 464 764 457 764 304 784 307 857 307 896 617 880 1228 889 1494 892 1497 892 1536 886 1593 876 2870 876 2873 851 2867 780 2739 761 2736 761 2732 761 2729 761 2700 780 2387 780 2352 758 2348 758 2345 758 2342 758 2339 758 2297 780 2003 780 1897 758 1894 758 1891 758 1888 758 1865 774 1526 764 1523 764 1443 780 1401 761 1398 761 1395 761 1209 780 1097 761 752 761 748 761 745 761 668 780 646 761 643 761 640 761 624 761 592 761"/></Shape>
	    <String CONTENT="cendebat ⁊ illuminabat. Sicut legitur actuum. de"
                    HPOS="304"
                    VPOS="758"
                    WIDTH="2569"
                    HEIGHT="138"></String>
          </TextLine>

          
          
          <TextLine ID="eSc_line_bbe4144f"
                    TAGREFS="LT1415"
                    BASELINE="297 960 2812 947" 
                    HPOS="294"
                    VPOS="854"
                    WIDTH="2518"
                    HEIGHT="128">
            <Shape><Polygon POINTS="2259 854 2054 876 1788 860 1785 860 1689 876 1571 857 1568 857 1376 880 992 860 988 860 883 883 608 864 604 864 601 864 563 883 496 864 492 864 489 864 486 864 483 864 457 886 294 886 297 960 297 982 2809 976 2812 947 2806 876 2262 854 2259 854"/></Shape>
	    <String CONTENT="cimo. loquẽte petro ad plebem cecidit spiritus"
                    HPOS="294"
                    VPOS="854"
                    WIDTH="2518"
                    HEIGHT="128"></String>
          </TextLine>

          
          
          <TextLine ID="eSc_line_dfa0666c"
                    TAGREFS="LT1415"
                    BASELINE="304 1062 2851 1040" 
                    HPOS="300"
                    VPOS="950"
                    WIDTH="2551"
                    HEIGHT="154">
            <Shape><Polygon POINTS="304 1062 304 1091 755 1081 777 1091 800 1100 803 1100 806 1104 1011 1104 1011 1100 1100 1088 1161 1081 1219 1088 1299 1097 1302 1097 1305 1097 1344 1088 1392 1075 1436 1088 1465 1094 1468 1094 1472 1094 1475 1094 1478 1094 1488 1088 1507 1075 1606 1084 1686 1094 1689 1094 1692 1094 1721 1084 1756 1075 1772 1084 1776 1088 1779 1088 1782 1088 1785 1088 1820 1084 1936 1072 1961 1084 1971 1088 1974 1088 1977 1088 2016 1084 2134 1068 2310 1081 2387 1088 2390 1088 2425 1081 2508 1065 2550 1081 2560 1084 2563 1084 2566 1084 2848 1078 2851 1040 2848 966 2822 950 2819 950 2816 950 2812 950 2809 950 2806 950 2780 966 2608 953 2604 953 2476 969 2195 953 2192 953 2188 953 2185 953 2156 969 1760 956 1756 956 1568 976 1564 976 1561 976 1398 960 1395 960 1392 960 1388 960 1369 979 1366 979 1344 979 1164 963 1161 963 1158 963 1123 979 1123 982 748 982 742 982 704 966 700 966 697 966 694 966 691 966 668 982 665 985 300 985 304 1062"/></Shape>
	    <String CONTENT="sanctus suꝑ omnes qui audiebant uerbũ O quã"
                    HPOS="300"
                    VPOS="950"
                    WIDTH="2551"
                    HEIGHT="154"></String>
          </TextLine>

          
          
          <TextLine ID="eSc_line_dd943f84"
                    TAGREFS="LT1415"
                    BASELINE="300 1171 2844 1145" 
                    HPOS="297"
                    VPOS="1052"
                    WIDTH="2547"
                    HEIGHT="157">
            <Shape><Polygon POINTS="300 1171 300 1206 588 1209 592 1209 595 1209 611 1203 636 1190 960 1196 1235 1203 1238 1203 1321 1190 1382 1184 1446 1190 1558 1200 1561 1200 1651 1187 1689 1180 1699 1184 1724 1196 1728 1196 1731 1196 1859 1184 1913 1177 1920 1180 1939 1193 1942 1193 1945 1193 1948 1193 1952 1193 1955 1193 1974 1180 1980 1177 2019 1180 2131 1190 2134 1190 2192 1177 2211 1174 2268 1177 2521 1190 2524 1190 2528 1190 2592 1171 2595 1171 2608 1171 2812 1187 2816 1187 2819 1187 2822 1187 2844 1168 2844 1145 2835 1072 2300 1072 2208 1052 2204 1052 1936 1075 1587 1059 1584 1059 1580 1059 1542 1081 1539 1081 1526 1081 1430 1065 1427 1065 1424 1065 1376 1081 1372 1084 835 1088 796 1084 617 1068 614 1068 297 1088 300 1171"/></Shape>
	    <String CONTENT="nobile lumen etiam fuit beatus paulus qui non"
                    HPOS="297"
                    VPOS="1052"
                    WIDTH="2547"
                    HEIGHT="157"></String>
          </TextLine>

          
          
          <TextLine ID="eSc_line_de0069da"
                    TAGREFS="LT1415"
                    BASELINE="294 1280 1952 1254 2876 1264" 
                    HPOS="291"
                    VPOS="1155"
                    WIDTH="2585"
                    HEIGHT="163">
            <Shape><Polygon POINTS="294 1280 294 1315 454 1299 582 1315 627 1318 630 1318 633 1318 643 1315 681 1296 1158 1308 1296 1312 1299 1312 1302 1312 1305 1312 1312 1308 1337 1292 1388 1308 1398 1308 1401 1308 1404 1308 1436 1305 1606 1289 1635 1305 1638 1308 1641 1308 1644 1308 1648 1308 1702 1305 1859 1289 1932 1302 1955 1305 1958 1305 1961 1305 1971 1302 2012 1283 2873 1292 2876 1264 2870 1174 2643 1174 2640 1174 2550 1155 2547 1155 2428 1174 2387 1155 2384 1155 2380 1155 2377 1155 2304 1177 2300 1177 2230 1158 2227 1158 2224 1158 2016 1180 2006 1180 2003 1180 1977 1161 1974 1161 1971 1161 1756 1161 1753 1161 1750 1161 1664 1184 1657 1184 1641 1184 1388 1164 1385 1164 1254 1187 1248 1187 1219 1187 656 1171 652 1171 649 1171 592 1193 588 1193 582 1193 451 1174 448 1174 444 1174 396 1193 345 1174 342 1174 339 1174 336 1174 291 1190 294 1280"/></Shape>
	    <String CONTENT="solum illuminatus fuit inter homines in hoc se"
                    HPOS="291"
                    VPOS="1155"
                    WIDTH="2585"
                    HEIGHT="163"></String>
          </TextLine>

          
          
          <TextLine ID="eSc_line_53fc4552"
                    TAGREFS="LT1415"
                    BASELINE="294 1382 2252 1366 2864 1385" 
                    HPOS="291"
                    VPOS="1270"
                    WIDTH="2573"
                    HEIGHT="147">
            <Shape><Polygon POINTS="406 1280 291 1302 294 1382 294 1401 492 1417 496 1417 499 1417 534 1404 550 1398 982 1398 1059 1404 1155 1414 1158 1414 1222 1404 1292 1395 1398 1404 1484 1414 1488 1414 1536 1404 1593 1395 1609 1408 1612 1411 1616 1411 1619 1411 1622 1411 1657 1408 1756 1392 2240 1392 2281 1408 2284 1408 2288 1411 2860 1411 2864 1385 2860 1292 2368 1270 2364 1270 2163 1292 1881 1273 1878 1273 1660 1296 1612 1276 1609 1276 1606 1276 1516 1296 710 1280 707 1280 704 1280 668 1296 604 1280 601 1280 598 1280 595 1280 544 1299 409 1280 406 1280"/></Shape>
	    <String CONTENT="culo s etiam inter angelos in tercio celo Vnde dici"
                    HPOS="291"
                    VPOS="1270"
                    WIDTH="2573"
                    HEIGHT="147"></String>
          </TextLine>

          
          
          <TextLine ID="eSc_line_a9b54251"
                    TAGREFS="LT1415"
                    BASELINE="291 1497 1769 1468 2832 1472" 
                    HPOS="288"
                    VPOS="1369"
                    WIDTH="2544"
                    HEIGHT="160">
            <Shape><Polygon POINTS="2208 1369 2185 1369 2163 1388 2112 1369 2108 1369 2080 1369 2048 1369 2016 1369 1984 1369 1952 1369 1920 1369 1913 1369 1910 1369 1804 1392 1782 1395 1731 1392 1526 1376 1523 1376 1520 1376 1478 1395 1468 1401 1244 1401 1238 1395 1206 1382 1203 1382 1200 1382 1065 1398 995 1404 982 1398 960 1382 956 1382 953 1382 838 1382 835 1382 688 1401 643 1404 627 1401 579 1385 576 1385 572 1385 569 1385 566 1385 540 1401 524 1411 489 1401 464 1395 460 1395 457 1395 288 1401 291 1497 291 1523 451 1529 454 1529 492 1523 572 1507 838 1520 928 1523 931 1523 934 1523 937 1523 940 1520 963 1504 1052 1516 1094 1523 1097 1523 1139 1516 1238 1500 1331 1516 1366 1520 1369 1520 1459 1513 1728 1494 1801 1510 1811 1513 1814 1513 1817 1513 1878 1510 2220 1488 2377 1507 2396 1507 2400 1507 2403 1507 2409 1507 2483 1484 2515 1504 2518 1504 2521 1504 2524 1504 2832 1500 2832 1472 2825 1385 2332 1388 2320 1388 2217 1369 2208 1369"/></Shape>
	    <String CONTENT="tur Corintħ .xijͦ. Scio hoĩem huiusmodi raptũ ad"
                    HPOS="288"
                    VPOS="1369"
                    WIDTH="2544"
                    HEIGHT="160"></String>
          </TextLine>

          
          
          <TextLine ID="eSc_line_66994900"
                    TAGREFS="LT1415"
                    BASELINE="297 1616 1734 1574 2873 1593" 
                    HPOS="294"
                    VPOS="1478"
                    WIDTH="2579"
                    HEIGHT="166">
            <Shape><Polygon POINTS="297 1616 297 1644 1433 1609 1660 1609 1699 1632 1702 1635 1705 1635 1708 1635 1712 1635 1785 1632 1788 1632 1792 1632 1833 1606 2182 1619 2185 1619 2281 1600 2368 1625 2371 1625 2374 1625 2377 1625 2390 1625 2540 1609 2867 1619 2873 1593 2867 1497 2643 1497 2582 1478 2579 1478 2576 1478 2416 1500 2412 1500 2409 1500 2307 1478 2304 1478 2192 1500 1996 1478 1993 1478 1990 1478 1929 1494 1843 1481 1840 1481 1836 1481 1779 1507 1606 1484 1603 1484 1318 1507 1280 1488 1276 1488 1152 1488 1148 1488 1145 1488 1142 1488 1104 1516 956 1491 953 1491 950 1491 947 1491 921 1510 905 1497 902 1497 899 1497 723 1494 720 1494 716 1494 640 1523 294 1526 297 1616"/></Shape>
	    <String CONTENT="tertiũ celũ ⁊ ibi audiuit archana dei que nõ licent"
                    HPOS="294"
                    VPOS="1478"
                    WIDTH="2579"
                    HEIGHT="166"></String>
          </TextLine>

          
          
          <TextLine ID="eSc_line_c3a19fe9"
                    TAGREFS="LT1415"
                    BASELINE="297 1721 1593 1696 2870 1708" 
                    HPOS="294"
                    VPOS="1596"
                    WIDTH="2576"
                    HEIGHT="160">
            <Shape><Polygon POINTS="297 1721 300 1756 355 1734 390 1756 393 1756 396 1756 400 1756 444 1756 771 1740 870 1750 921 1756 924 1756 963 1750 1078 1731 1123 1750 1136 1753 1139 1753 1142 1753 1238 1747 1555 1728 1590 1744 1603 1750 1606 1750 1609 1750 1612 1750 1632 1744 1689 1728 2099 1728 2124 1740 2140 1747 2144 1747 2147 1747 2150 1747 2169 1740 2204 1724 2489 1724 2508 1737 2518 1744 2521 1744 2524 1744 2665 1747 2668 1747 2870 1731 2870 1708 2864 1622 2662 1622 2656 1622 2592 1596 2588 1596 2585 1596 2582 1596 2579 1596 2550 1619 2451 1600 2448 1600 2342 1622 2332 1625 2099 1625 2099 1622 2048 1600 2044 1600 2041 1600 1916 1619 1865 1600 1862 1600 1859 1600 1856 1600 1798 1622 1788 1625 1734 1622 1392 1603 1388 1603 1385 1603 1331 1625 1321 1628 1312 1625 1270 1603 1267 1603 1014 1603 1011 1603 905 1625 873 1632 841 1625 768 1609 764 1609 761 1609 704 1625 681 1632 294 1628 297 1721"/></Shape>
	    <String CONTENT="homini loqui Et hoc ẽ de quo cantat ecclꝰia O glorio"
                    HPOS="294"
                    VPOS="1596"
                    WIDTH="2576"
                    HEIGHT="160"></String>
          </TextLine>

          
          
          <TextLine ID="eSc_line_26df10ec"
                    TAGREFS="LT1415"
                    BASELINE="294 1827 1164 1824 1798 1804 2860 1811" 
                    HPOS="291"
                    VPOS="1712"
                    WIDTH="2569"
                    HEIGHT="153">
            <Shape><Polygon POINTS="601 1718 598 1718 595 1718 515 1737 483 1744 448 1737 387 1721 387 1721 355 1721 291 1734 294 1827 294 1865 608 1846 739 1846 761 1862 764 1862 768 1862 771 1862 1497 1859 1500 1859 1507 1859 1590 1836 2854 1846 2860 1811 2857 1740 2633 1740 2633 1737 2508 1715 2505 1715 2355 1734 2310 1712 2307 1712 2304 1712 2028 1731 1993 1715 1990 1715 1763 1715 1760 1715 1756 1715 1708 1737 1699 1740 1683 1737 1571 1715 1292 1715 1289 1715 1286 1715 1209 1737 1180 1747 640 1747 627 1737 604 1718 601 1718"/></Shape>
	    <String CONTENT="sum lumen omniũ eccłiaꝵ. Quoꝵ mortem dyoni"
                    HPOS="291"
                    VPOS="1712"
                    WIDTH="2569"
                    HEIGHT="153"></String>
          </TextLine>

          
          
          <TextLine ID="eSc_line_aa55c479"
                    TAGREFS="LT1415"
                    BASELINE="294 1929 1859 1907 2857 1913" 
                    HPOS="291"
                    VPOS="1817"
                    WIDTH="2566"
                    HEIGHT="141">
            <Shape><Polygon POINTS="700 1827 697 1827 694 1827 665 1846 662 1846 630 1846 403 1830 400 1830 291 1846 294 1929 294 1958 2857 1939 2857 1913 2854 1830 1830 1817 1827 1817 1446 1840 1411 1840 1350 1840 704 1827 700 1827"/></Shape>
	    <String CONTENT="sius deplangit dicens O quis dabit oculis meis a"
                    HPOS="291"
                    VPOS="1817"
                    WIDTH="2566"
                    HEIGHT="141"></String>
          </TextLine>

          
          
          <TextLine ID="eSc_line_98d208d6"
                    TAGREFS="LT1415"
                    BASELINE="294 2032 2835 2022" 
                    HPOS="291"
                    VPOS="1923"
                    WIDTH="2544"
                    HEIGHT="144">
            <Shape><Polygon POINTS="294 2032 294 2067 2035 2048 2204 2051 2796 2064 2800 2064 2803 2064 2806 2064 2835 2044 2835 2022 2828 1945 1987 1923 1984 1923 1737 1945 1462 1926 1459 1926 1366 1945 1312 1929 1308 1929 1305 1929 1084 1948 1008 1929 1004 1929 1001 1929 998 1929 921 1952 291 1952 294 2032"/></Shape>
	    <String CONTENT="quam ⁊ pupillis meis fontem lac̾maꝵ ut plorem"
                    HPOS="291"
                    VPOS="1923"
                    WIDTH="2544"
                    HEIGHT="144"></String>
          </TextLine>

          
          
          <TextLine ID="eSc_line_91ac19b0"
                    TAGREFS="LT1415"
                    BASELINE="294 2144 1932 2134 2848 2147" 
                    HPOS="291"
                    VPOS="2038"
                    WIDTH="2557"
                    HEIGHT="147">
            <Shape><Polygon POINTS="294 2144 294 2163 428 2182 432 2182 435 2182 480 2166 492 2163 534 2166 694 2182 697 2182 1244 2179 1283 2172 1324 2163 1356 2172 1385 2182 1388 2182 1392 2185 1500 2185 1500 2182 1504 2182 1507 2182 1516 2172 1532 2163 2841 2182 2848 2147 2844 2060 2761 2038 2758 2038 2755 2038 2752 2038 2681 2060 2585 2041 2582 2041 2579 2041 2505 2064 2067 2064 2012 2038 2009 2038 2006 2038 2003 2038 1964 2060 1936 2038 1932 2038 1929 2038 1507 2038 1504 2038 1251 2060 1123 2038 1120 2038 870 2060 800 2038 796 2038 793 2038 790 2038 742 2060 518 2041 515 2041 291 2064 294 2144"/></Shape>
	    <String CONTENT="die ac nocte quod magister fidelissimus paulus lu"
                    HPOS="291"
                    VPOS="2038"
                    WIDTH="2557"
                    HEIGHT="147"></String>
          </TextLine>

          
          
          <TextLine ID="eSc_line_eceff428"
                    TAGREFS="LT1415"
                    BASELINE="297 2246 2883 2262" 
                    HPOS="294"
                    VPOS="2150"
                    WIDTH="2589"
                    HEIGHT="157">
            <Shape><Polygon POINTS="294 2272 396 2294 400 2294 550 2281 816 2297 819 2297 966 2281 1123 2297 1126 2297 1635 2281 1696 2300 1699 2300 1702 2300 1705 2300 1747 2281 1824 2281 1993 2281 2038 2304 2041 2304 2044 2304 2140 2284 2256 2304 2259 2304 2262 2304 2339 2284 2451 2304 2454 2304 2633 2288 2694 2307 2697 2307 2700 2307 2880 2284 2883 2262 2883 2185 2816 2160 2812 2160 2809 2160 2620 2185 2608 2185 2604 2185 2572 2160 2569 2160 2566 2160 2406 2160 2403 2160 2400 2160 2396 2160 2368 2182 2361 2182 2243 2156 2240 2156 2118 2179 2105 2179 2057 2179 1603 2153 1600 2153 1430 2169 1331 2179 1248 2179 1232 2166 1209 2150 1206 2150 1203 2150 1200 2150 1123 2166 1072 2179 960 2179 924 2163 889 2150 886 2150 883 2150 828 2163 784 2176 518 2176 486 2160 483 2156 480 2156 476 2156 457 2156 345 2172 300 2156 297 2246 294 2272"/></Shape>
	    <String CONTENT="men omniũ eccłiaꝵ ⁊ petrꝰ princeps apostoloꝵ glo"
                    HPOS="294"
                    VPOS="2150"
                    WIDTH="2589"
                    HEIGHT="157"></String>
          </TextLine>

          
          
          <TextLine ID="eSc_line_40b46e2f"
                    TAGREFS="LT1415"
                    BASELINE="294 2374 1593 2355 2896 2364" 
                    HPOS="291"
                    VPOS="2265"
                    WIDTH="2605"
                    HEIGHT="144">
            <Shape><Polygon POINTS="294 2374 297 2409 352 2390 416 2406 419 2406 422 2406 1414 2384 2889 2393 2896 2364 2892 2284 2800 2265 2796 2265 2793 2265 2742 2281 1916 2265 1913 2265 1910 2265 1859 2281 1734 2265 1731 2265 1728 2265 1657 2281 1539 2265 1536 2265 1411 2284 1404 2284 1401 2284 1273 2265 1270 2265 1190 2281 950 2268 947 2268 944 2268 905 2284 899 2288 832 2284 441 2268 438 2268 435 2268 396 2288 393 2288 364 2268 361 2268 358 2268 355 2268 352 2268 291 2284 294 2374"/></Shape>
	    <String CONTENT="ria sanctoꝵ hodie a nobis recesserunt ⁊ nos orpha"
                    HPOS="291"
                    VPOS="2265"
                    WIDTH="2605"
                    HEIGHT="144"></String>
          </TextLine>

          
          
          <TextLine ID="eSc_line_60c2b7bb"
                    TAGREFS="LT1415"
                    BASELINE="294 2480 1804 2451 2934 2467" 
                    HPOS="291"
                    VPOS="2361"
                    WIDTH="2643"
                    HEIGHT="167">
            <Shape><Polygon POINTS="464 2374 460 2374 457 2374 454 2374 406 2400 291 2400 294 2480 294 2528 486 2496 547 2521 550 2521 553 2521 880 2518 883 2518 947 2499 1174 2521 1184 2521 1187 2521 1190 2521 1276 2486 1488 2486 1667 2515 1670 2515 2086 2480 2339 2480 2492 2512 2505 2512 2508 2512 2934 2505 2934 2467 2931 2384 1638 2361 1635 2361 1494 2377 1232 2368 1228 2368 1225 2368 1177 2393 1136 2368 1132 2368 1129 2368 1126 2368 972 2396 729 2396 620 2380 617 2380 499 2396 467 2374 464 2374"/></Shape>
	    <String CONTENT="nos eternos reliquerunt. Hic dic de vita eoꝵ si vis."
                    HPOS="291"
                    VPOS="2361"
                    WIDTH="2643"
                    HEIGHT="167"></String>
          </TextLine>

          
          
          <TextLine ID="eSc_line_01514df5"
                    TAGREFS="LT1415"
                    BASELINE="521 2608 2109 2586" 
                    HPOS="513"
                    VPOS="2481"
                    WIDTH="1594"
                    HEIGHT="173">
            <Shape><Polygon POINTS="518 2606 518 2654 2102 2611 2107 2582 2092 2481 513 2496 518 2606"/></Shape>
	    <String CONTENT="ota trinitas ꝑsonaꝵ scd̾m tres"
                    HPOS="513"
                    VPOS="2481"
                    WIDTH="1594"
                    HEIGHT="173"></String>
          </TextLine>

          
          
          <TextLine ID="eSc_line_45cc6c59"
                    TAGREFS="LT1416"
                    BASELINE="2127 2586 2828 2576" 
                    HPOS="2121"
                    VPOS="2457"
                    WIDTH="706"
                    HEIGHT="149">
            <Shape><Polygon POINTS="2472 2457 2467 2457 2462 2457 2400 2481 2376 2491 2347 2481 2294 2462 2289 2462 2284 2462 2121 2472 2126 2582 2126 2606 2822 2596 2827 2572 2817 2496 2539 2496 2524 2486 2481 2457 2476 2457"/></Shape>
	    <String CONTENT="De trinitate"
                    HPOS="2121"
                    VPOS="2457"
                    WIDTH="706"
                    HEIGHT="149"></String>
          </TextLine>

          
          
          <TextLine ID="eSc_line_8f0e71bf"
                    TAGREFS="LT1415"
                    BASELINE="236 2720 2016 2697 2902 2707" 
                    HPOS="233"
                    VPOS="2588"
                    WIDTH="2669"
                    HEIGHT="173">
            <Shape><Polygon POINTS="236 2720 236 2758 406 2736 448 2758 451 2758 454 2761 598 2761 636 2761 636 2758 640 2758 726 2736 1030 2748 1033 2748 1036 2748 1040 2748 1062 2729 1257 2732 1280 2752 1283 2752 1286 2752 1289 2752 1292 2752 1347 2732 1404 2748 1408 2748 1411 2748 1414 2748 1417 2748 1449 2726 1603 2742 1606 2742 1740 2726 1840 2739 1843 2739 1846 2739 1849 2739 1875 2723 2185 2723 2240 2739 2243 2739 2246 2739 2249 2739 2252 2739 2284 2720 2499 2742 2502 2742 2899 2739 2902 2707 2899 2630 2784 2624 2729 2588 2726 2588 2723 2588 2720 2588 2716 2588 2630 2630 2556 2604 2553 2604 2249 2592 2246 2592 2006 2608 1872 2595 1868 2595 1699 2633 1584 2633 1516 2604 1513 2604 1510 2604 1507 2604 1436 2630 1360 2604 1356 2604 1353 2604 1350 2604 1296 2627 1232 2601 1228 2601 1225 2601 1222 2601 1152 2633 1110 2611 1107 2611 1104 2611 976 2627 918 2611 915 2611 912 2611 908 2611 860 2630 812 2617 809 2617 806 2617 553 2649 233 2649 236 2720"/></Shape>
	    <String CONTENT="ꝓprietates distingwitur Patri eiũ attribuitur"
                    HPOS="233"
                    VPOS="2588"
                    WIDTH="2669"
                    HEIGHT="173"></String>
          </TextLine>

          
          
          <TextLine ID="eSc_line_b69b5c85"
                    TAGREFS="LT1415"
                    BASELINE="294 2812 2822 2806" 
                    HPOS="291"
                    VPOS="2710"
                    WIDTH="2531"
                    HEIGHT="128">
            <Shape><Polygon POINTS="387 2720 358 2720 291 2736 294 2812 294 2838 2819 2838 2822 2806 2816 2736 2118 2710 2115 2710 2112 2710 2067 2732 2035 2710 2032 2710 2028 2710 1875 2710 1872 2710 1868 2710 1865 2710 1836 2732 1776 2720 1772 2720 1520 2736 1504 2736 1494 2736 1344 2713 1340 2713 1219 2736 1190 2713 1187 2713 1184 2713 1104 2713 1100 2713 1097 2713 1094 2713 1062 2736 1056 2736 745 2720 742 2720 473 2736 393 2720 387 2720"/></Shape>
	    <String CONTENT="omnipotencia. filio sapiencia. spũi scõ clemencia."
                    HPOS="291"
                    VPOS="2710"
                    WIDTH="2531"
                    HEIGHT="128"></String>
          </TextLine>

          
          
          <TextLine ID="eSc_line_6e4c6215"
                    TAGREFS="LT1415"
                    BASELINE="297 2912 1948 2905 2873 2921" 
                    HPOS="294"
                    VPOS="2816"
                    WIDTH="2579"
                    HEIGHT="137">
            <Shape><Polygon POINTS="297 2912 294 2934 467 2953 470 2953 784 2937 825 2937 844 2937 950 2953 953 2953 956 2953 1011 2940 1033 2934 1056 2940 1107 2953 1110 2953 1113 2953 1190 2940 1228 2934 1321 2940 1481 2953 1484 2953 1488 2953 1532 2940 1564 2934 1616 2944 1670 2950 1673 2950 1715 2944 1760 2934 2064 2934 2102 2944 2134 2953 2137 2953 2140 2953 2201 2944 2259 2937 2307 2947 2352 2953 2355 2953 2870 2947 2873 2921 2870 2835 1190 2816 1187 2816 774 2832 691 2816 688 2816 297 2832 297 2912"/></Shape>
	    <String CONTENT="contra has proprietates humanũ genꝰ tripliciter"
                    HPOS="294"
                    VPOS="2816"
                    WIDTH="2579"
                    HEIGHT="137"></String>
          </TextLine>

          
          
          <TextLine ID="eSc_line_410586c4"
                    TAGREFS="LT1415"
                    BASELINE="297 3024 1785 3004 2928 3030" 
                    HPOS="294"
                    VPOS="2918"
                    WIDTH="2634"
                    HEIGHT="141">
            <Shape><Polygon POINTS="297 3024 294 3043 563 3056 566 3056 569 3056 592 3046 617 3036 681 3046 745 3056 748 3056 876 3046 995 3040 1017 3049 1036 3056 1040 3056 1043 3056 1091 3049 1161 3036 1510 3036 1638 3052 1686 3056 1689 3056 1692 3056 1696 3056 1702 3052 1728 3036 2128 3036 2278 3056 2300 3056 2304 3059 2924 3059 2928 3030 2924 2944 2483 2944 2476 2940 2432 2924 2428 2924 2425 2924 2355 2937 2323 2921 2320 2921 2316 2921 2313 2921 2252 2937 2246 2940 2236 2937 2179 2918 2176 2918 2172 2918 2044 2934 1644 2918 1641 2918 1638 2918 1635 2918 1612 2937 1606 2940 1590 2934 1539 2918 1536 2918 1081 2918 1078 2918 1075 2918 1043 2934 1027 2940 905 2940 892 2931 873 2918 870 2918 867 2918 864 2918 784 2931 729 2940 636 2931 512 2918 508 2918 297 2928 297 3024"/></Shape>
	    <String CONTENT="solet peccare. Quando .ii. quis peccat ꝑ fragilitatem."
                    HPOS="294"
                    VPOS="2918"
                    WIDTH="2634"
                    HEIGHT="141"></String>
          </TextLine>

          
          
          <TextLine ID="eSc_line_1392487b"
                    TAGREFS="LT1415"
                    BASELINE="297 3123 1827 3110 2892 3132" 
                    HPOS="297"
                    VPOS="3020"
                    WIDTH="2595"
                    HEIGHT="144">
            <Shape><Polygon POINTS="297 3123 297 3158 2364 3142 2374 3142 2438 3161 2441 3161 2444 3161 2547 3142 2550 3142 2553 3142 2604 3161 2608 3161 2611 3164 2844 3164 2844 3161 2848 3161 2889 3139 2892 3132 2889 3046 2294 3043 2201 3020 1916 3020 1913 3020 1910 3020 1907 3020 1881 3040 1708 3020 1705 3020 1702 3020 1699 3020 1670 3043 1638 3020 1635 3020 1632 3020 1436 3020 1433 3020 1430 3020 1427 3020 1395 3040 1344 3020 1340 3020 1337 3020 1046 3036 998 3020 995 3020 992 3020 988 3020 921 3040 800 3024 796 3024 793 3024 742 3043 736 3046 374 3046 371 3043 352 3027 348 3027 345 3027 342 3027 339 3027 297 3040 297 3123"/></Shape>
	    <String CONTENT="peccat contra patris õipotenciam. si autem peccat"
                    HPOS="297"
                    VPOS="3020"
                    WIDTH="2595"
                    HEIGHT="144"></String>
          </TextLine>

          
          
          <TextLine ID="eSc_line_ccc7bd5f"
                    TAGREFS="LT1415"
                    BASELINE="297 3235 1235 3219 2860 3228" 
                    HPOS="297"
                    VPOS="3126"
                    WIDTH="2563"
                    HEIGHT="125">
            <Shape><Polygon POINTS="297 3235 297 3251 2857 3248 2860 3228 2854 3142 2268 3148 2233 3142 2144 3126 2140 3126 2137 3126 2080 3142 2060 3148 2054 3142 2028 3126 2025 3126 2022 3126 2019 3126 1616 3142 1552 3126 1548 3126 1203 3126 1200 3126 960 3148 937 3148 928 3148 828 3126 825 3126 723 3148 716 3152 297 3152 297 3235"/></Shape>
	    <String CONTENT="per ignoranciam. peccat contra filij sapienciam. si"
                    HPOS="297"
                    VPOS="3126"
                    WIDTH="2563"
                    HEIGHT="125"></String>
          </TextLine>

          
          
          <TextLine ID="eSc_line_349cc302"
                    TAGREFS="LT1415"
                    BASELINE="313 3340 1328 3328 2899 3334" 
                    HPOS="310"
                    VPOS="3235"
                    WIDTH="2589"
                    HEIGHT="131">
            <Shape><Polygon POINTS="313 3340 313 3366 2896 3363 2899 3334 2892 3257 2716 3257 2713 3257 2675 3238 2672 3238 2668 3238 2566 3257 2556 3257 2553 3257 2499 3235 2496 3235 2492 3235 2489 3235 2441 3251 2310 3235 2307 3235 2304 3235 2227 3257 2224 3257 2201 3257 1827 3235 1824 3235 1539 3257 1449 3235 1446 3235 1193 3235 1190 3235 1187 3235 1107 3257 864 3235 860 3235 857 3235 793 3260 678 3260 646 3238 643 3238 640 3238 636 3238 633 3238 556 3257 464 3244 460 3244 310 3260 313 3340"/></Shape>
	    <String CONTENT="vero peccat ꝑ maliciam. peccat contra sp̃t sancti cle"
                    HPOS="310"
                    VPOS="3235"
                    WIDTH="2589"
                    HEIGHT="131"></String>
          </TextLine>

          
          
          <TextLine ID="eSc_line_a7791d79"
                    TAGREFS="LT1415"
                    BASELINE="300 3440 1964 3427 2864 3446" 
                    HPOS="297"
                    VPOS="3334"
                    WIDTH="2567"
                    HEIGHT="144">
            <Shape><Polygon POINTS="1033 3334 1001 3334 998 3334 995 3334 992 3334 960 3356 569 3347 566 3347 297 3363 300 3440 300 3459 736 3475 739 3475 790 3462 816 3459 854 3465 931 3475 934 3475 937 3475 940 3475 953 3465 966 3456 1017 3465 1059 3472 1062 3472 1065 3472 1084 3465 1113 3456 1628 3456 1664 3468 1680 3475 1683 3475 1686 3475 1689 3475 1702 3468 1724 3459 1820 3468 1868 3475 1872 3475 1875 3475 1884 3472 1910 3459 1945 3472 1948 3472 1952 3472 1955 3472 1958 3472 1961 3472 1993 3456 2252 3456 2329 3472 2342 3475 2345 3478 2860 3478 2864 3446 2860 3363 2761 3363 2736 3340 2732 3340 2729 3340 2726 3340 2723 3340 2649 3363 2412 3363 2377 3344 2374 3344 2371 3344 2262 3360 2227 3337 2224 3337 2220 3337 2217 3337 2214 3337 2147 3356 2080 3334 2076 3334 2073 3334 1984 3350 1891 3334 1065 3334 1033 3334"/></Shape>
	    <String CONTENT="menciam. Oppositoꝵ eñi opposite sunt raciones vn"
                    HPOS="297"
                    VPOS="3334"
                    WIDTH="2567"
                    HEIGHT="144"></String>
          </TextLine>

          
          
          <TextLine ID="eSc_line_afdec485"
                    TAGREFS="LT1415"
                    BASELINE="307 3555 1609 3532 2880 3548" 
                    HPOS="304"
                    VPOS="3446"
                    WIDTH="2576"
                    HEIGHT="141">
            <Shape><Polygon POINTS="307 3555 307 3577 992 3587 995 3587 1113 3574 1219 3561 2054 3561 2099 3571 2166 3584 2169 3584 2172 3584 2224 3568 2252 3561 2275 3568 2307 3580 2310 3580 2694 3584 2697 3584 2876 3564 2880 3548 2876 3468 2348 3468 2345 3465 2227 3446 2224 3446 2134 3465 2131 3465 2041 3446 2038 3446 1724 3465 1715 3465 1712 3465 1689 3449 1686 3449 1683 3449 1379 3449 1376 3449 1372 3449 1315 3465 1286 3472 1248 3465 1155 3449 1152 3449 1040 3465 988 3472 944 3465 851 3449 745 3449 742 3449 739 3449 700 3465 681 3472 662 3465 630 3452 627 3452 624 3452 620 3452 588 3465 566 3472 396 3472 387 3465 352 3449 348 3449 345 3449 342 3449 304 3462 307 3555"/></Shape>
	    <String CONTENT="de cum fragilitas potẽcie siue omnipotencie igno"
                    HPOS="304"
                    VPOS="3446"
                    WIDTH="2576"
                    HEIGHT="141"></String>
          </TextLine>

          
          
          <TextLine ID="eSc_line_65d17e7c"
                    TAGREFS="LT1415"
                    BASELINE="307 3657 1648 3635 2889 3648" 
                    HPOS="304"
                    VPOS="3545"
                    WIDTH="2585"
                    HEIGHT="147">
            <Shape><Polygon POINTS="307 3657 307 3692 524 3689 528 3689 566 3670 640 3689 643 3689 646 3689 649 3689 809 3670 915 3686 934 3689 937 3689 956 3686 1049 3670 1155 3686 1174 3686 1177 3686 1180 3686 1187 3683 1232 3667 1280 3683 1283 3683 1286 3683 1289 3683 1324 3667 1712 3667 1731 3680 1734 3683 1737 3683 1740 3683 1744 3683 1801 3676 1932 3664 2073 3664 2089 3673 2099 3683 2102 3683 2105 3683 2108 3683 2886 3664 2889 3648 2883 3568 2425 3568 2422 3568 2393 3548 2390 3548 2387 3548 2384 3548 2380 3548 2332 3561 2233 3545 2230 3545 2048 3561 1958 3545 1955 3545 1856 3568 1734 3548 1350 3548 1347 3548 1344 3548 1257 3571 1232 3548 1228 3548 1225 3548 1116 3548 1113 3548 924 3574 742 3552 739 3552 304 3577 307 3657"/></Shape>
	    <String CONTENT="rancia sapiencie. malicia clem̃cie opponatur. me"
                    HPOS="304"
                    VPOS="3545"
                    WIDTH="2585"
                    HEIGHT="147"></String>
          </TextLine>

          
          
          <TextLine ID="eSc_line_ed581d98"
                    TAGREFS="LT1415"
                    BASELINE="307 3763 1654 3737 2902 3747" 
                    HPOS="304"
                    VPOS="3651"
                    WIDTH="2598"
                    HEIGHT="150">
            <Shape><Polygon POINTS="307 3763 307 3801 515 3779 636 3798 640 3798 643 3798 646 3798 678 3779 745 3792 748 3792 752 3792 819 3776 912 3798 915 3798 918 3798 921 3798 924 3798 950 3779 969 3795 972 3795 976 3795 979 3795 1264 3772 1449 3772 1542 3795 1548 3795 1552 3795 1558 3795 1686 3772 1728 3795 1731 3795 1734 3795 1737 3795 1740 3795 1747 3795 1836 3769 2102 3792 2118 3792 2121 3792 2128 3792 2259 3766 2326 3788 2329 3788 2332 3788 2425 3772 2460 3788 2464 3788 2467 3788 2902 3785 2902 3747 2899 3664 1305 3651 1302 3651 1072 3673 873 3654 870 3654 867 3654 864 3654 838 3673 547 3657 544 3657 540 3657 499 3680 304 3680 307 3763"/></Shape>
	    <String CONTENT="rito hijs tribus modis peccatur cõtra tres ꝑsonaꝵ"
                    HPOS="304"
                    VPOS="3651"
                    WIDTH="2598"
                    HEIGHT="150"></String>
          </TextLine>

          
          
          <TextLine ID="eSc_line_368d6452"
                    TAGREFS="LT1415"
                    BASELINE="288 3878 560 3859 1440 3854" 
                    HPOS="283"
                    VPOS="3758"
                    WIDTH="1157"
                    HEIGHT="168">
            <Shape><Polygon POINTS="288 3873 288 3926 489 3897 1430 3902 1440 3849 1425 3758 283 3772 288 3873"/></Shape>
	    <String CONTENT="ꝓprietates predictaꝵ:"
                    HPOS="283"
                    VPOS="3758"
                    WIDTH="1157"
                    HEIGHT="168"></String>
          </TextLine>

          
          
          <TextLine ID="eSc_line_e6a8106b"
                    TAGREFS="LT1416"
                    BASELINE="1488 3854 2291 3849" 
                    HPOS="1483"
                    VPOS="3758"
                    WIDTH="806"
                    HEIGHT="130">
            <Shape><Polygon POINTS="1488 3878 2280 3888 2289 3844 2275 3758 1483 3758 1488 3849"/></Shape>
	    <String CONTENT="v̾sus notabiles"
                    HPOS="1483"
                    VPOS="3758"
                    WIDTH="806"
                    HEIGHT="130"></String>
          </TextLine>

          
          
          <TextLine ID="eSc_line_702e3c82"
                    TAGREFS="LT1415"
                    BASELINE="196 3977 1283 3961 2700 3968" 
                    HPOS="187"
                    VPOS="3849"
                    WIDTH="2510"
                    HEIGHT="178">
            <Shape><Polygon POINTS="1924 3849 1742 3873 1684 3878 1675 3873 1646 3854 1641 3854 1636 3854 1632 3854 1425 3868 1320 3878 360 3868 331 3873 283 3873 278 3868 187 3868 192 3974 192 4027 326 3998 446 4022 451 4022 648 3998 806 4017 840 4022 844 4022 964 4017 1281 3998 1521 4008 1857 4022 1862 4022 1867 4022 1872 4022 1900 4003 1910 3993 1948 4003 2025 4017 2030 4017 2035 4017 2102 3998 2126 3993 2222 3998 2625 4017 2630 4017 2635 4017 2697 3988 2697 3964 2692 3878 1929 3849 1924 3849"/></Shape>
	    <String CONTENT="¶Nulli conpatitur lectator adeptus honorem :"
                    HPOS="187"
                    VPOS="3849"
                    WIDTH="2510"
                    HEIGHT="178"></String>
          </TextLine>

          
          
          <TextLine ID="eSc_line_6ee5fd31"
                    TAGREFS="LT1415"
                    BASELINE="342 4076 2665 4070" 
                    HPOS="342"
                    VPOS="3968"
                    WIDTH="2323"
                    HEIGHT="144">
            <Shape><Polygon POINTS="2192 3968 2188 3968 2044 3990 2038 3990 2032 3990 1932 3968 1929 3968 1788 3987 1785 3987 1779 3987 1504 3968 1500 3968 1427 3984 1376 3996 1212 3984 1129 3977 1126 3977 1123 3977 1120 3977 1113 3984 1094 4000 844 4000 720 3980 668 3971 659 3974 640 3974 630 3977 592 3996 553 3977 544 3974 531 3974 521 3974 518 3977 489 4000 406 4000 342 3977 342 4076 342 4096 1091 4112 1094 4112 1190 4096 1193 4092 1571 4092 1580 4092 1635 4108 1638 4108 1641 4108 1644 4108 1648 4108 1664 4092 1667 4092 1827 4092 1830 4092 1881 4108 1884 4108 1888 4108 1984 4092 1990 4092 2016 4092 2508 4108 2512 4108 2515 4108 2563 4092 2611 4108 2614 4108 2617 4108 2620 4108 2665 4089 2665 4070 2659 3996 2262 3996 2256 3990 2195 3968 2192 3968"/></Shape>
	    <String CONTENT="Vi si nõ premitur contẽpnit se meliorem:"
                    HPOS="342"
                    VPOS="3968"
                    WIDTH="2323"
                    HEIGHT="144"></String>
          </TextLine>

          
          
          <TextLine ID="eSc_line_0f57c917"
                    TAGREFS="LT1415"
                    BASELINE="313 4172 2675 4166" 
                    HPOS="310"
                    VPOS="4073"
                    WIDTH="2365"
                    HEIGHT="138">
            <Shape><Polygon POINTS="2288 4073 2284 4073 2281 4073 2278 4073 2256 4096 2083 4096 1881 4073 1878 4073 1846 4073 1814 4073 1635 4089 1584 4073 1558 4073 1552 4073 1478 4096 1433 4076 1430 4076 1404 4076 1334 4096 1312 4076 1308 4076 1305 4076 1302 4076 1270 4076 1238 4076 1206 4076 1174 4076 1155 4076 966 4096 780 4076 758 4076 736 4076 678 4096 502 4080 499 4080 496 4080 492 4080 470 4096 387 4083 384 4083 310 4099 313 4172 313 4204 1360 4195 1376 4198 1420 4211 1424 4211 1427 4211 1430 4211 1475 4198 1497 4192 1923 4192 2051 4195 2624 4208 2627 4208 2630 4208 2675 4188 2675 4166 2668 4096 2352 4096 2291 4073 2288 4073"/></Shape>
	    <String CONTENT="Ordine retrogrado si forte facit rota saltum."
                    HPOS="310"
                    VPOS="4073"
                    WIDTH="2365"
                    HEIGHT="138"></String>
          </TextLine>

          
          
          <TextLine ID="eSc_line_ba6a4c6a"
                    TAGREFS="LT1415"
                    BASELINE="310 4294 2774 4304" 
                    HPOS="310"
                    VPOS="4185"
                    WIDTH="2464"
                    HEIGHT="195">
            <Shape><Polygon POINTS="310 4249 310 4294 310 4336 403 4336 409 4339 454 4371 457 4371 460 4371 464 4374 512 4374 512 4371 515 4371 518 4371 563 4339 569 4339 665 4358 668 4358 745 4339 768 4336 793 4339 937 4371 940 4371 1152 4358 1193 4374 1196 4374 1200 4377 1504 4377 1504 4374 1507 4374 1568 4345 1584 4339 1910 4339 1939 4348 2022 4377 2025 4377 2028 4380 2294 4380 2294 4377 2297 4377 2374 4352 2403 4342 2768 4352 2774 4304 2771 4224 2528 4224 2528 4220 2467 4201 2464 4201 2460 4201 2457 4201 2416 4220 2416 4224 2208 4224 2201 4220 2044 4192 2041 4192 2038 4192 1961 4220 1958 4220 1955 4220 1801 4188 1798 4188 1795 4188 1699 4214 1628 4188 1625 4188 1622 4188 1619 4188 1561 4220 1462 4220 1388 4188 1385 4188 1129 4185 963 4185 960 4185 956 4185 953 4185 908 4214 835 4185 832 4185 828 4185 700 4217 553 4217 364 4185 361 4185 358 4185 355 4185 329 4198 310 4249"/></Shape>
	    <String CONTENT="Asperius nichil est humili dum surgit ĩ altum."
                    HPOS="310"
                    VPOS="4185"
                    WIDTH="2464"
                    HEIGHT="195"></String>
          </TextLine>

          
        </TextBlock>
        
        <TextBlock HPOS="179"
                   VPOS="2495"
                   WIDTH="101"
                   HEIGHT="191"
                   ID="eSc_textblock_cbe694cc"
                   TAGREFS="BT4411">
          <Shape><Polygon POINTS="179 2495 179 2686 280 2686 280 2495"/></Shape>
          
          
          <TextLine ID="eSc_line_576dc02d"
                    TAGREFS="LT1415"
                    BASELINE="230 2611 294 2608" 
                    HPOS="224"
                    VPOS="2537"
                    WIDTH="70"
                    HEIGHT="115">
            <Shape><Polygon POINTS="233 2652 294 2624 294 2608 291 2556 259 2537 256 2537 252 2537 249 2537 246 2537 224 2544 230 2611"/></Shape>
	    <String CONTENT="ii"
                    HPOS="224"
                    VPOS="2537"
                    WIDTH="70"
                    HEIGHT="115"></String>
          </TextLine>

          
        </TextBlock>
        
        <TextBlock HPOS="220"
                   VPOS="2447"
                   WIDTH="341"
                   HEIGHT="383"
                   ID="eSc_textblock_751383f3"
                   TAGREFS="BT4307">
          <Shape><Polygon POINTS="261 2458 220 2824 561 2830 555 2447"/></Shape>
          
        </TextBlock>
        
        <TextBlock HPOS="2791"
                   VPOS="564"
                   WIDTH="316"
                   HEIGHT="203"
                   ID="eSc_textblock_2ab5ef40"
                   TAGREFS="BT4309">
          <Shape><Polygon POINTS="2791 564 2791 767 3107 767 3107 564"/></Shape>
          
        </TextBlock>
        

        
      </PrintSpace>
    </Page>
  </Layout>
</alto>
