3840 5760
313 678 2509 147 tem uiuum scẽ trinitatis de quo fluit omnis gr̃a

304 793 2611 138 sicut ait p̃s. Quoniam apud te est fons uite. ideo

300 896 2634 150 dicitur Ego uos elegi. Hec uerba cõsequẽter possũt

307 1004 2550 151 exponi ad laudem ⁊ gloriam  principum .s. apłoꝵ

300 1107 2522 169 petri ⁊ pauli. quos elegit ⁊ preelegit dñs tamquã

297 1212 2554 151 duas manus fidelissimas ad oꝑandũ. tamquam

300 1318 2567 163 duas candelas lucidissimas ad illuminandum.

297 1440 2541 160 Primo igitur elegit dñs istos sanctos apostolos

300 1542 2538 160 tamquam duas manus fidelissimas ad oꝑandũ.

316 1654 2560 166 ⁊ hoc bñ figuratũ est .iiiͦ. Regũ .x. ubi dicitur ꝙ

300 1766 2583 182 erant ibi due manꝰ tenẽtes sedile salomonis. Sa

297 1878 2567 214 lomon interp̃tatur pacificꝰ ⁊ sigͣt xp̃m qui nobis

304 2003 2563 198 pacem cõꝑauit suo sangwĩe in crucis patibulo i

307 2128 2601 204 ram patris temperando in celi palacio Unde dixit

297 2252 2570 173 ꝑ ioħem. Pacem meam do uobis ꝑ sedile autem

310 2358 2582 195 figuratur sancta eccłia in qua spiritualiter sedet

304 2470 2604 224 dñs tamꝙͣ pius rex in sede sue m̃icordie largiens

300 2592 2592 217 petentib ueniam q̃rentibꝰ gr̃am. pulsantibus

320 2716 2524 224 letitiam ⁊ głam dicẽs Luce. Petite ⁊ accipietis q̃

297 2848 2573 214 rite ⁊ inueĩetis pulsate ⁊ apperietur uobis Ma

297 2960 2576 236 nus autem que tenebant sedile salomõis signifi

300 3072 2599 262 cantur isti duo sancti apostoli ⁊ hoc scd̾m tres ꝓp̾e

297 3196 2563 240 tates quas manꝰ habet ⁊ facit naturaliter que

304 3312 2531 227 isti sancti fecerũt corꝑaliter ⁊ spũaliter Primo

304 3420 2601 256 enĩ manꝰ nuda est. sic ⁊ isti duo stĩ apłi ab omnib

300 3536 2519 256 diuitiis huiꝰ mũdi nudi fuerũt quia oĩa pro deo

300 3654 2567 243 reliquerũt. ideo dixerũt matħi Ecce nos reliqͥ

307 3785 2515 218 mus omnia ⁊ secuti sumꝰ te Manus enĩ expo

307 3916 2553 199 nitur multis periculis .s. calori frigori. sic et

307 4032 2496 198 isti duo sancti apłi. unde dicit᷑ Corintħ .ix. Ter

313 4172 2579 266 uirgis cesus sum semel lapidatꝰ sum ⁊ c̾. Secũdo
