3840 5760
1147 614 1416 182 ulier innupta ⁊ uirgo | cogitat

2582 614 840 134 De .s. marga̾eta.

1166 710 2246 178 que dei sunt | quomodo placeat deo mente ⁊ corꝑe.

896 809 2563 135 Dicit apostolus. Cuius opĩonis exemplar formale fuit

886 899 2570 147 margareta uirgo /Corpore quidem tenera /s fide magna /et/

892 974 2559 130 inter illustres diversaꝵ ꝓuinciaꝵ virgines /meritis ⁊ virtuti

902 1065 2560 141 bus cõputata/.cuius hodie diem anniuersarium ecclesia sol

912 1152 2563 156 lempni at. quia cõstat eam sub ãnis puericie sacrilegis ydo

908 1248 2596 150 loꝵ cultibꝰ cõtradixisse /⁊ celesti sponso uotum uirgĩtatis mẽ

902 1344 2557 160 te libera promisisse. Vnde possumꝰ in ip̃iꝰ laude uerbũ apłi

896 1443 2547 157 scribentis ad corinthios ad p̃dicandũ sumere. quod deuoto

892 1539 2596 153 uirginitatis ⁊ tripudio gaudij spũalis ꝓtulit dicens Qui

899 1641 2589 157 gloriatur in dño glorietur. Suꝑ quo notandũ quod sex sunt

899 1731 2592 163 in scripturis theologicis instrum̃ta gaudij spĩtalis in quibꝰ

905 1824 2618 166 hec uirgo ueraciter extuit gloriata. que .s. instrumẽta in p̊s.

876 1923 2605 169 xiiij̊. singulis uersiculis decantantur. in quib ⁊ nobis ut

892 2022 2634 157 virginee corone participes efficiam᷑ est specialiter głandũ.

886 2118 2611 154 Primo quidem margaretha gloriabatur in legibus domi

897 2260 384 106 ni

1318 2195 2173 182 cõuersione Scd̾o in testimõijs dñi ꝑ annoꝵ supple

876 2294 2618 186 cionẽ Tercio in iusticijs dñi ꝑ internoꝵ cõfirmationẽ Qrͣ

880 2390 2630 198 to in p̃ceptis dñi ꝑ oculoꝵ illuminationẽ Qͥnto in timore do

876 2502 2644 179 mini ꝑ diuinoꝵ pregustacionẽ Sexto in iudicijs dñi ꝑ et̾noꝵ

886 2598 2608 179 fruicionẽ ¶De pͥmo dicit p̃s. lex dñi in maculata conuer

886 2704 2602 160 tens animas. quam głam hec uirgo ꝑfecit errores genti

892 2800 2599 160 lium fide katholica ꝑmutando vnde dicit apostolus ad corĩ

883 2892 2595 170 thios Sine fide inpossibile ẽ placere deo. quia fides est sperã

883 2995 2621 150 darum substancia reꝵ. argumẽtum nõ apparencium Et|si

886 3100 2605 144 quis hanc nõ habuerit. inuarias opiniones incidit ⁊ erro

896 3193 2572 147 res Vnde de margaretha cantamꝰ. Fidem quam de sp̃u scõ

889 3286 2583 122 ꝑcepit vicioꝵ maculis minꝰ infecit Dum enĩ olibrius pri

886 3372 2621 135 mo per nũccios secundo ꝑ semetip̃m statũ eius inquireret. illa cõ

896 3462 2598 138 stanter respondit dicens Si genꝰ inquiris. filia sum theodosij

896 3552 2592 131 qui fuit gentiliũ patriarcha. Si conditionẽ. Ancilla dei sum.

886 3648 2592 140 Xp̃i baptismate cõsignata Si statũ inquiris. virgo sum deo dedi

899 3753 2579 144 cata ⁊ ideo nõ timeo tormẽta tua Et hec est pͥma species gaudij

892 3859 2599 131 spiritalis in qua głabatur hec virgo in legib dñi ꝑ moꝵ conuer

899 3945 2563 144 sionẽ. De scd̾a specie qua gloriabatur in testimonijs domini ꝑ

892 4041 2589 157 annoꝵ supplecionẽ Dicit pͣs. Testimonium dñi fidele sapien

889 4163 2589 185 tiam prestans ꝑuulis. quam głam habuit hec uirgo mũdi

724 2236 164 178 moꝵ
