<?xml version="1.0" encoding="UTF-8"?>
<alto xmlns:xsi="http://www.w3.org/2001/XMLSchema-instance"
      xmlns="http://www.loc.gov/standards/alto/ns-v4#"
      xsi:schemaLocation="http://www.loc.gov/standards/alto/ns-v4# http://www.loc.gov/standards/alto/v4/alto-4-2.xsd">
  <Description>
    <MeasurementUnit>pixel</MeasurementUnit>
    <sourceImageInformation>
      <fileName>f55.jpeg</fileName>
      
    </sourceImageInformation>
  </Description>
  
  <Tags>
    <OtherTag ID="BT1943" LABEL="MarginTextZone" DESCRIPTION="block type MarginTextZone"/><OtherTag ID="BT1942" LABEL="NumberingZone" DESCRIPTION="block type NumberingZone"/><OtherTag ID="BT1941" LABEL="MainZone" DESCRIPTION="block type MainZone"/><OtherTag ID="BT1944" LABEL="DropCapitalZone" DESCRIPTION="block type DropCapitalZone"/>
    <OtherTag ID="LT674" LABEL="HeadingLine" DESCRIPTION="line type HeadingLine"/><OtherTag ID="LT673" LABEL="DropCapitalLine" DESCRIPTION="line type DropCapitalLine"/><OtherTag ID="LT672" LABEL="DefaultLine" DESCRIPTION="line type DefaultLine"/>
  </Tags>
  
  <Layout>
    <Page WIDTH="3122"
          HEIGHT="2688"
          PHYSICAL_IMG_NR="0"
          ID="eSc_dummypage_">
      <PrintSpace HPOS="0"
                  VPOS="0"
                  WIDTH="3122"
                  HEIGHT="2688">
        
        <TextBlock HPOS="412"
                   VPOS="486"
                   WIDTH="153"
                   HEIGHT="146"
                   ID="eSc_textblock_169fc6bd"
                   TAGREFS="BT1944">
          <Shape><Polygon POINTS="412 486 412 632 565 632 565 486"/></Shape>
          
          
          <TextLine ID="eSc_line_3911aeea"
                    TAGREFS="LT673"
                    BASELINE="419 616 560 624" 
                    HPOS="410"
                    VPOS="484"
                    WIDTH="150"
                    HEIGHT="179">
            <Shape><Polygon POINTS="416 616 416 589 448 484 560 485 558 622 555 651 466 663 463 663 461 663 410 645"/></Shape>
	    <String CONTENT="C"
                    HPOS="410"
                    VPOS="484"
                    WIDTH="150"
                    HEIGHT="179"></String>
          </TextLine>

          
        </TextBlock>
        
        <TextBlock HPOS="576"
                   VPOS="367"
                   WIDTH="722"
                   HEIGHT="105"
                   ID="eSc_textblock_e35b8342"
                   TAGREFS="BT1941">
          <Shape><Polygon POINTS="634 456 645 385 699 367 1143 376 1199 465 1298 472 576 472 576 469"/></Shape>
          
          
          <TextLine ID="line_0"
                    TAGREFS="LT674"
                    BASELINE="654 450 1145 445" 
                    HPOS="649"
                    VPOS="358"
                    WIDTH="496"
                    HEIGHT="123">
            <Shape><Polygon POINTS="654 450 649 367 865 358 867 358 869 358 909 369 914 369 921 369 956 358 959 358 961 358 963 358 983 369 986 369 992 369 1064 358 1066 358 1140 371 1145 445 1143 461 896 479 894 479 892 479 889 479 880 472 865 465 701 465 656 481"/></Shape>
	    <String CONTENT="LIBER.III."
                    HPOS="649"
                    VPOS="358"
                    WIDTH="496"
                    HEIGHT="123"></String>
          </TextLine>

          
        </TextBlock>
        
        <TextBlock HPOS="470"
                   VPOS="483"
                   WIDTH="1112"
                   HEIGHT="1808"
                   ID="block_0"
                   TAGREFS="BT1941">
          <Shape><Polygon POINTS="1474 680 1456 759 1358 788 1378 824 1528 842 1546 878 1546 1108 1411 1155 1510 1218 1492 1341 1546 1397 1537 1870 1582 1926 1573 2013 1510 2051 1465 2255 708 2291 591 2264 528 2175 519 994 493 947 493 663 470 647 576 647 576 483 1335 483 1402 633"/></Shape>
          
          
          <TextLine ID="line_1"
                    TAGREFS="LT672"
                    BASELINE="558 548 1324 535" 
                    HPOS="553"
                    VPOS="470"
                    WIDTH="771"
                    HEIGHT="105">
            <Shape><Polygon POINTS="558 548 553 483 620 481 623 481 623 481 625 481 625 481 625 481 627 481 627 481 627 483 643 495 699 483 719 479 719 479 719 479 721 479 721 479 723 479 723 479 723 479 726 479 726 479 728 483 744 492 903 483 1064 472 1066 472 1066 472 1066 472 1069 472 1102 483 1113 486 1125 483 1149 474 1151 474 1151 474 1151 474 1154 474 1154 474 1154 474 1156 474 1181 483 1190 486 1194 483 1208 470 1208 470 1210 470 1210 470 1210 470 1212 470 1212 470 1214 470 1214 470 1320 483 1324 535 1324 566 1261 568 1259 568 1259 568 1259 568 1257 568 1257 568 1257 568 1255 568 1255 566 1237 555 1214 566 1210 568 1210 568 1210 568 1208 568 1208 568 1205 568 1205 568 1205 568 1203 568 1203 568 1201 568 1201 568 1199 566 1181 553 1107 566 1066 573 1066 573 1064 573 1064 573 1064 573 1021 566 963 555 925 564 889 575 887 575 887 575 885 575 885 575 885 575 883 575 851 564 829 557 797 564 764 571 764 571 764 571 762 571 762 571 717 564 688 560 681 564 665 575 663 575 663 575 663 575 661 575 661 575 658 575 658 575 555 562"/></Shape>
	    <String CONTENT="Allimachi manis: &amp; choi farva Phili"
                    HPOS="553"
                    VPOS="470"
                    WIDTH="771"
                    HEIGHT="105"></String>
          </TextLine>

          
          
          <TextLine ID="line_2"
                    TAGREFS="LT672"
                    BASELINE="519 633 1378 633" 
                    HPOS="513"
                    VPOS="566"
                    WIDTH="865"
                    HEIGHT="106">
            <Shape><Polygon POINTS="519 633 513 582 537 566 540 566 540 566 540 566 542 566 542 566 544 566 544 566 546 566 602 580 703 566 703 566 705 566 793 566 793 566 793 566 795 566 795 566 795 566 797 566 797 566 815 580 1013 580 1026 566 1026 566 1028 566 1028 566 1028 566 1030 566 1030 566 1030 566 1033 566 1033 566 1035 566 1035 566 1035 566 1037 566 1060 582 1185 582 1302 566 1302 566 1304 566 1304 566 1378 582 1378 633 1373 667 1308 651 1230 660 1230 660 1228 660 1228 660 1225 660 1225 660 1225 660 1223 660 1205 649 1066 649 1044 660 1030 669 1028 669 1028 669 1026 669 1026 669 1026 669 1024 669 943 665 943 665 943 665 941 665 941 665 939 665 939 665 939 665 932 658 925 651 916 658 894 669 894 669 894 669 892 669 892 669 892 672 791 672 788 669 788 669 786 669 730 654 723 651 723 654 703 669 703 669 701 669 701 669 701 669 699 669 699 669 699 672 654 672 652 669 652 669 649 669 649 669 649 669 647 669 647 669 625 651 582 663 580 663 580 663 578 663 578 663 578 663 575 663 575 663 575 663 573 663 573 663 573 660 560 649 560 649 519 649"/></Shape>
	    <String CONTENT="in uestrum, queso me sinite ire nomus:"
                    HPOS="513"
                    VPOS="566"
                    WIDTH="865"
                    HEIGHT="106"></String>
          </TextLine>

          
          
          <TextLine ID="line_3"
                    TAGREFS="LT672"
                    BASELINE="513 725 1450 732" 
                    HPOS="513"
                    VPOS="658"
                    WIDTH="939"
                    HEIGHT="121">
            <Shape><Polygon POINTS="513 725 517 658 540 674 746 665 753 665 755 665 755 665 759 665 851 676 876 667 900 658 900 658 903 658 903 658 905 658 905 658 905 658 907 658 943 669 972 676 1001 669 1048 660 1048 660 1051 660 1210 660 1210 660 1210 660 1212 660 1212 660 1252 676 1259 678 1264 676 1293 660 1293 660 1293 660 1295 660 1295 660 1295 660 1297 660 1297 660 1297 660 1299 660 1340 674 1353 660 1353 660 1355 660 1355 660 1355 660 1358 660 1358 660 1360 660 1414 660 1414 660 1414 660 1416 660 1416 660 1416 660 1452 680 1450 732 1445 757 1324 750 1311 759 1288 777 1288 777 1286 777 1286 777 1286 777 1284 777 1284 777 1284 779 1196 779 1194 777 1194 777 1192 777 1192 777 1192 777 1160 761 1145 775 1145 777 1145 777 1143 777 1143 777 1140 777 1140 777 1140 777 1138 777 1138 777 1136 777 1136 777 1136 777 1134 777 1134 777 1134 775 1118 761 1102 748 1017 748 1001 761 990 772 990 775 990 775 988 775 988 775 988 775 986 775 986 775 986 777 950 777 948 775 948 775 945 775 945 775 918 763 885 748 851 763 829 775 829 775 829 775 827 775 827 775 824 775 824 775 824 775 822 775 793 763 784 761 775 763 759 772 759 772 759 772 757 772 757 772 755 772 755 772 755 772 717 766 665 754 600 761 600 761 598 761 598 761 596 761 596 761 596 761 593 761 593 761 593 759 578 745 544 745 515 768"/></Shape>
	    <String CONTENT="p rimus ego ingredior puro de fonte sacerdos"
                    HPOS="513"
                    VPOS="658"
                    WIDTH="939"
                    HEIGHT="121"></String>
          </TextLine>

          
          
          <TextLine ID="line_4"
                    TAGREFS="LT672"
                    BASELINE="560 824 1306 819" 
                    HPOS="555"
                    VPOS="763"
                    WIDTH="751"
                    HEIGHT="99">
            <Shape><Polygon POINTS="560 824 555 766 1299 763 1306 819 1304 840 1165 840 1163 840 1136 853 1136 853 1136 853 1134 853 1134 853 1131 853 1131 853 1131 853 1129 853 1089 840 1089 840 1089 840 1062 860 1060 860 1060 860 1060 860 1057 860 1057 860 1057 860 1055 860 1055 860 1053 860 1053 860 1017 846 950 860 950 860 950 860 948 860 948 860 945 860 945 860 945 860 943 860 943 860 918 842 827 842 809 860 809 862 809 862 806 862 806 862 806 862 804 862 804 862 804 862 802 862 558 842"/></Shape>
	    <String CONTENT="Itala per graios orgia ferũt choros:"
                    HPOS="555"
                    VPOS="763"
                    WIDTH="751"
                    HEIGHT="99"></String>
          </TextLine>

          
          
          <TextLine ID="line_5"
                    TAGREFS="LT672"
                    BASELINE="502 918 1530 902" 
                    HPOS="495"
                    VPOS="851"
                    WIDTH="1035"
                    HEIGHT="92">
            <Shape><Polygon POINTS="502 918 495 857 1524 851 1530 902 1528 916 1326 934 1324 934 1324 934 1230 925 1183 920 1176 927 1167 934 1167 934 1167 934 1165 934 1165 934 1163 934 1163 934 1163 934 1160 934 1160 934 1158 934 1158 934 1138 927 1118 920 1078 929 1028 938 1028 938 1028 938 1026 938 1026 938 968 931 916 925 905 934 900 938 900 938 900 938 898 938 898 938 896 938 896 938 896 938 894 938 894 938 894 938 892 938 892 938 880 934 860 925 824 936 797 943 795 943 795 943 795 943 793 943 730 938 634 929 600 940 593 943 593 943 591 943 591 943 589 943 589 943 589 943 587 943 587 943 582 940 553 929 504 943"/></Shape>
	    <String CONTENT="d icite quo pariter carmen tenuastis in antro"
                    HPOS="495"
                    VPOS="851"
                    WIDTH="1035"
                    HEIGHT="92"></String>
          </TextLine>

          
          
          <TextLine ID="line_6"
                    TAGREFS="LT672"
                    BASELINE="569 1016 759 1003 1532 990" 
                    HPOS="562"
                    VPOS="920"
                    WIDTH="973"
                    HEIGHT="123">
            <Shape><Polygon POINTS="569 1016 562 956 600 940 600 940 602 940 602 940 602 940 605 940 605 940 607 940 607 940 607 940 609 940 609 940 625 952 705 952 779 952 782 949 815 931 815 931 815 931 818 931 818 931 818 931 820 931 820 931 820 931 887 947 894 947 903 945 1004 927 1004 927 1006 927 1046 927 1046 927 1046 927 1048 927 1048 927 1048 927 1051 927 1051 927 1051 929 1064 940 1066 943 1073 940 1140 927 1140 927 1140 927 1143 927 1143 927 1201 938 1219 940 1225 936 1241 922 1241 922 1243 922 1243 922 1243 922 1246 922 1246 922 1246 922 1385 920 1387 920 1387 920 1389 920 1389 920 1389 920 1391 920 1391 920 1391 922 1402 931 1409 936 1526 929 1532 990 1535 1001 1447 1030 1445 1030 1445 1030 1445 1030 1443 1030 1443 1030 1338 1019 1297 1032 1295 1032 1295 1032 1295 1032 1293 1032 1293 1032 1290 1032 1290 1032 1234 1012 1203 1025 1203 1025 1201 1025 1201 1025 1201 1025 1199 1025 1199 1025 1199 1025 1196 1025 1196 1025 1163 1010 1109 1037 1109 1037 1109 1037 1107 1037 1107 1037 1107 1037 990 1039 988 1039 988 1039 986 1039 986 1039 986 1039 983 1039 983 1039 950 1014 950 1014 916 1014 914 1014 900 1025 900 1025 898 1025 898 1025 896 1025 896 1025 896 1025 894 1025 786 1021 768 1034 768 1034 766 1034 766 1034 766 1034 764 1034 764 1034 762 1034 762 1034 762 1034 759 1034 759 1034 757 1034 757 1034 735 1019 735 1019 728 1019 672 1019 652 1039 652 1041 652 1041 649 1041 649 1041 649 1041 647 1041 647 1041 647 1043 614 1043 611 1041 611 1041 609 1041 609 1041 564 1021"/></Shape>
	    <String CONTENT="Quo ue pede ingressi: quã ue bibistis aquã:"
                    HPOS="562"
                    VPOS="920"
                    WIDTH="973"
                    HEIGHT="123"></String>
          </TextLine>

          
          
          <TextLine ID="line_7"
                    TAGREFS="LT672"
                    BASELINE="510 1093 1537 1086" 
                    HPOS="502"
                    VPOS="1023"
                    WIDTH="1035"
                    HEIGHT="105">
            <Shape><Polygon POINTS="510 1093 502 1046 528 1025 528 1025 531 1025 531 1025 531 1025 533 1025 533 1025 535 1025 535 1025 535 1025 537 1025 537 1025 537 1025 558 1037 571 1025 571 1025 573 1025 573 1025 573 1025 575 1025 575 1025 578 1025 685 1025 685 1025 685 1025 688 1025 746 1041 759 1043 762 1041 779 1025 779 1025 782 1025 782 1025 782 1025 784 1025 784 1025 784 1025 849 1023 851 1023 851 1023 853 1023 900 1037 916 1043 1089 1043 1098 1032 1100 1032 1100 1030 1100 1030 1102 1030 1102 1030 1102 1030 1104 1030 1104 1030 1104 1030 1107 1030 1107 1030 1125 1032 1187 1041 1273 1028 1284 1028 1284 1028 1286 1028 1302 1028 1470 1039 1528 1023 1537 1086 1535 1108 1324 1104 1317 1108 1313 1113 1313 1115 1313 1115 1311 1115 1311 1115 1311 1115 1308 1115 1308 1115 1306 1115 1306 1115 1306 1115 1304 1115 1304 1115 1288 1108 1275 1104 1241 1108 1131 1126 1131 1126 1129 1126 1129 1126 1019 1115 887 1126 887 1126 885 1126 885 1126 883 1126 831 1113 723 1128 723 1128 721 1128 721 1128 721 1128 719 1128 719 1128 717 1128 717 1128 692 1108 616 1126 616 1126 616 1126 614 1126 614 1126 508 1106"/></Shape>
	    <String CONTENT="A b ualeat phebum quicumq moratur in armis"
                    HPOS="502"
                    VPOS="1023"
                    WIDTH="1035"
                    HEIGHT="105"></String>
          </TextLine>

          
          
          <TextLine ID="line_8"
                    TAGREFS="LT672"
                    BASELINE="562 1182 1351 1173" 
                    HPOS="553"
                    VPOS="1111"
                    WIDTH="798"
                    HEIGHT="94">
            <Shape><Polygon POINTS="562 1182 553 1133 567 1120 567 1117 567 1117 569 1117 569 1117 569 1117 571 1117 571 1117 571 1117 573 1117 573 1117 575 1117 627 1131 629 1131 634 1131 681 1117 683 1117 683 1117 685 1117 685 1117 685 1117 688 1117 721 1128 728 1131 748 1128 835 1115 835 1115 838 1115 838 1115 840 1115 880 1126 894 1128 983 1124 1091 1117 1093 1117 1093 1117 1093 1117 1095 1117 1095 1117 1095 1117 1098 1117 1102 1122 1109 1126 1122 1122 1147 1111 1147 1111 1149 1111 1149 1111 1151 1111 1199 1111 1199 1111 1199 1111 1201 1111 1201 1111 1201 1111 1203 1111 1203 1111 1203 1113 1210 1120 1216 1124 1344 1117 1351 1173 1349 1193 562 1205"/></Shape>
	    <String CONTENT="Exactus tenui pumice uersus eat :"
                    HPOS="553"
                    VPOS="1111"
                    WIDTH="798"
                    HEIGHT="94"></String>
          </TextLine>

          
          
          <TextLine ID="line_9"
                    TAGREFS="LT672"
                    BASELINE="524 1276 602 1267 1497 1261" 
                    HPOS="519"
                    VPOS="1191"
                    WIDTH="978"
                    HEIGHT="110">
            <Shape><Polygon POINTS="524 1276 519 1200 549 1198 551 1198 551 1198 551 1198 553 1198 553 1198 553 1198 555 1198 555 1198 555 1200 555 1200 573 1216 643 1202 643 1202 643 1202 645 1202 645 1202 647 1202 647 1202 647 1202 649 1202 667 1216 683 1205 685 1205 685 1205 685 1205 688 1205 688 1205 690 1205 690 1205 690 1205 741 1216 757 1202 759 1200 759 1198 759 1198 762 1198 762 1198 762 1198 764 1198 764 1198 766 1198 766 1198 766 1198 768 1198 782 1202 820 1216 912 1216 934 1205 941 1200 941 1200 941 1200 943 1200 943 1200 945 1200 945 1200 981 1205 1021 1209 1039 1205 1080 1193 1082 1193 1082 1193 1084 1193 1084 1193 1084 1193 1086 1193 1086 1193 1086 1193 1089 1193 1089 1193 1089 1196 1100 1205 1107 1214 1134 1214 1145 1207 1163 1193 1165 1193 1165 1193 1165 1193 1167 1193 1167 1193 1167 1193 1387 1191 1389 1191 1389 1191 1391 1191 1391 1191 1391 1191 1394 1191 1394 1191 1394 1193 1411 1209 1411 1211 1492 1211 1497 1261 1494 1279 1331 1279 1324 1283 1299 1294 1299 1294 1299 1294 1297 1294 1297 1294 1295 1294 1295 1294 1295 1294 1293 1294 1293 1294 1268 1283 1261 1281 1252 1283 1216 1294 1214 1294 1214 1294 1212 1294 1212 1294 1116 1285 1091 1283 1066 1285 988 1296 988 1296 986 1296 986 1296 983 1296 945 1288 925 1283 824 1283 811 1290 793 1299 793 1299 793 1299 791 1299 791 1299 791 1301 640 1301 638 1299 638 1299 636 1299 636 1299 636 1299 634 1299 625 1292 614 1285 524 1292"/></Shape>
	    <String CONTENT="Q uome fama leuat terã sublimis: &amp; a me"
                    HPOS="519"
                    VPOS="1191"
                    WIDTH="978"
                    HEIGHT="110"></String>
          </TextLine>

          
          
          <TextLine ID="line_10"
                    TAGREFS="LT672"
                    BASELINE="558 1350 1456 1355" 
                    HPOS="549"
                    VPOS="1292"
                    WIDTH="907"
                    HEIGHT="94">
            <Shape><Polygon POINTS="558 1350 555 1299 1452 1292 1456 1355 1454 1370 1311 1386 1311 1386 1308 1386 1308 1386 1308 1386 1243 1373 1169 1386 1169 1386 1167 1386 1167 1386 1039 1373 1010 1386 1010 1386 1010 1386 1008 1386 1008 1386 1006 1386 1006 1386 1006 1386 932 1373 898 1384 898 1384 896 1384 896 1384 894 1384 629 1373 575 1384 575 1384 575 1384 573 1384 573 1384 571 1384 571 1384 571 1384 569 1384 569 1384 549 1368"/></Shape>
	    <String CONTENT="Nata coronatis musa triumphat equis :"
                    HPOS="549"
                    VPOS="1292"
                    WIDTH="907"
                    HEIGHT="94"></String>
          </TextLine>

          
          
          <TextLine ID="line_11"
                    TAGREFS="LT672"
                    BASELINE="526 1444 1530 1440" 
                    HPOS="522"
                    VPOS="1377"
                    WIDTH="1008"
                    HEIGHT="99">
            <Shape><Polygon POINTS="526 1444 522 1382 661 1379 663 1379 663 1379 665 1379 665 1379 665 1379 667 1379 667 1379 670 1382 688 1395 712 1382 717 1379 717 1379 717 1379 719 1379 719 1379 721 1379 721 1379 721 1379 723 1379 732 1382 777 1397 869 1397 883 1384 883 1384 885 1384 885 1384 885 1384 887 1384 887 1384 887 1384 889 1384 1028 1393 1042 1384 1046 1379 1046 1377 1048 1377 1048 1377 1048 1377 1051 1377 1051 1377 1053 1377 1169 1377 1169 1377 1169 1377 1172 1377 1199 1384 1237 1393 1281 1384 1308 1379 1308 1379 1311 1379 1311 1379 1311 1379 1338 1384 1380 1393 1524 1386 1530 1440 1530 1467 1481 1471 1479 1471 1479 1471 1479 1471 1476 1471 1476 1471 1467 1469 1432 1456 1299 1469 1273 1471 1273 1471 1270 1471 1270 1471 1268 1471 1268 1471 1264 1469 1234 1458 1190 1471 1183 1471 1181 1471 1181 1471 1178 1471 1178 1471 1178 1471 1176 1471 1176 1471 1176 1471 1174 1471 1174 1471 1154 1456 1064 1456 1033 1471 1028 1473 1028 1473 1028 1473 1026 1473 1026 1473 1024 1473 1024 1473 995 1471 858 1458 735 1471 735 1471 732 1471 602 1458 582 1473 582 1473 580 1473 580 1473 580 1473 580 1473 578 1473 578 1473 578 1476 526 1476"/></Shape>
	    <String CONTENT="&amp; mecum in currum parui uectantur amores"
                    HPOS="522"
                    VPOS="1377"
                    WIDTH="1008"
                    HEIGHT="99"></String>
          </TextLine>

          
          
          <TextLine ID="line_12"
                    TAGREFS="LT672"
                    BASELINE="578 1536 1503 1529" 
                    HPOS="569"
                    VPOS="1464"
                    WIDTH="934"
                    HEIGHT="101">
            <Shape><Polygon POINTS="578 1536 569 1487 598 1469 600 1469 600 1469 600 1469 602 1469 602 1469 605 1469 605 1469 714 1482 804 1482 988 1482 992 1480 1006 1469 1008 1469 1008 1469 1008 1469 1010 1469 1010 1469 1013 1469 1013 1469 1013 1469 1060 1478 1073 1480 1089 1478 1143 1467 1143 1467 1143 1467 1145 1467 1145 1467 1147 1467 1183 1476 1185 1476 1185 1476 1201 1464 1203 1464 1203 1464 1203 1464 1205 1464 1205 1464 1208 1464 1322 1464 1322 1464 1322 1464 1324 1464 1324 1464 1324 1464 1342 1473 1353 1478 1497 1471 1503 1529 1501 1541 1423 1556 1423 1556 1420 1556 1420 1556 1420 1556 1418 1556 1380 1545 1371 1543 1355 1545 1306 1554 1306 1554 1304 1554 1304 1554 1304 1554 1302 1554 1279 1547 1270 1545 1259 1547 1192 1563 1192 1563 1192 1563 1190 1563 1190 1563 1187 1563 1187 1563 1154 1550 1145 1545 1051 1545 972 1554 883 1565 883 1565 880 1565 793 1559 654 1547 578 1563"/></Shape>
	    <String CONTENT="Scriptorum q meas turba secuta rotas:"
                    HPOS="569"
                    VPOS="1464"
                    WIDTH="934"
                    HEIGHT="101"></String>
          </TextLine>

          
          
          <TextLine ID="line_13"
                    TAGREFS="LT672"
                    BASELINE="526 1626 1508 1617" 
                    HPOS="524"
                    VPOS="1550"
                    WIDTH="984"
                    HEIGHT="114">
            <Shape><Polygon POINTS="526 1626 524 1565 618 1570 636 1565 661 1556 663 1556 663 1556 663 1556 665 1556 665 1556 665 1556 667 1556 667 1556 685 1565 697 1570 705 1565 714 1556 717 1556 717 1556 717 1556 719 1556 719 1556 719 1556 721 1556 721 1556 723 1556 723 1556 746 1565 762 1570 779 1565 813 1554 815 1554 815 1554 815 1554 818 1554 818 1554 892 1565 921 1568 941 1565 992 1554 992 1554 992 1554 995 1554 995 1554 995 1554 997 1554 997 1554 999 1554 999 1554 999 1554 1010 1565 1013 1568 1021 1565 1046 1556 1048 1556 1048 1556 1048 1556 1051 1556 1210 1565 1250 1565 1331 1565 1331 1565 1346 1550 1346 1550 1349 1550 1349 1550 1349 1550 1351 1550 1351 1550 1353 1550 1353 1550 1503 1565 1508 1617 1508 1635 1479 1650 1479 1650 1479 1650 1476 1650 1476 1650 1474 1650 1474 1650 1474 1650 1423 1641 1358 1657 1355 1657 1355 1657 1353 1657 1353 1657 1353 1657 1351 1657 1302 1639 1297 1639 1051 1639 1006 1648 939 1662 939 1662 939 1662 936 1662 896 1659 896 1659 894 1659 894 1659 894 1659 892 1659 892 1659 892 1657 885 1650 874 1641 822 1653 768 1664 768 1664 768 1664 766 1664 766 1664 764 1664 732 1655 721 1653 701 1655 652 1664 652 1664 649 1664 649 1664 649 1664 647 1664 647 1664 647 1664 645 1664 645 1664 645 1662 638 1657 627 1644 593 1659 580 1664 580 1664 578 1664 578 1664 578 1664 575 1664 524 1659"/></Shape>
	    <String CONTENT="Q uid frustra missiis in me certatis habenis"
                    HPOS="524"
                    VPOS="1550"
                    WIDTH="984"
                    HEIGHT="114"></String>
          </TextLine>

          
          
          <TextLine ID="line_14"
                    TAGREFS="LT672"
                    BASELINE="562 1718 1524 1709" 
                    HPOS="555"
                    VPOS="1639"
                    WIDTH="969"
                    HEIGHT="97">
            <Shape><Polygon POINTS="562 1718 555 1671 609 1653 611 1653 611 1653 611 1653 614 1653 614 1653 694 1666 714 1648 714 1646 714 1646 717 1646 717 1646 717 1646 719 1646 719 1646 719 1646 721 1646 721 1646 723 1646 723 1646 782 1666 889 1666 909 1648 909 1646 909 1646 912 1646 912 1646 914 1646 914 1646 914 1646 916 1646 916 1646 916 1646 990 1662 1037 1641 1037 1641 1039 1641 1039 1641 1039 1641 1042 1641 1042 1641 1163 1655 1183 1641 1185 1641 1185 1641 1185 1641 1187 1641 1187 1641 1187 1641 1190 1641 1190 1641 1192 1641 1237 1653 1320 1639 1320 1639 1322 1639 1322 1639 1322 1639 1324 1639 1324 1639 1373 1662 1519 1662 1524 1709 1521 1729 562 1736"/></Shape>
	    <String CONTENT="Non datur ad missas currere lata uia :"
                    HPOS="555"
                    VPOS="1639"
                    WIDTH="969"
                    HEIGHT="97"></String>
          </TextLine>

          
          
          <TextLine ID="line_15"
                    TAGREFS="LT672"
                    BASELINE="531 1807 1530 1792" 
                    HPOS="524"
                    VPOS="1724"
                    WIDTH="1006"
                    HEIGHT="112">
            <Shape><Polygon POINTS="531 1807 524 1758 670 1736 670 1736 672 1736 672 1736 672 1736 674 1736 674 1736 676 1736 708 1756 712 1756 932 1756 936 1751 972 1731 974 1731 974 1731 977 1731 977 1731 977 1731 979 1731 979 1731 981 1731 981 1731 1028 1749 1053 1731 1055 1731 1055 1731 1055 1731 1057 1731 1057 1731 1060 1731 1060 1731 1230 1749 1234 1749 1234 1749 1259 1729 1259 1727 1259 1727 1261 1727 1261 1727 1261 1727 1264 1727 1264 1727 1266 1727 1266 1727 1266 1727 1369 1747 1402 1724 1405 1724 1405 1724 1405 1724 1407 1724 1407 1724 1407 1724 1409 1724 1409 1724 1526 1747 1530 1792 1528 1821 822 1821 708 1832 708 1832 705 1832 705 1832 703 1832 670 1823 531 1836"/></Shape>
	    <String CONTENT="Multi roma tuas laudas annalibus addent"
                    HPOS="524"
                    VPOS="1724"
                    WIDTH="1006"
                    HEIGHT="112"></String>
          </TextLine>

          
          
          <TextLine ID="line_16"
                    TAGREFS="LT672"
                    BASELINE="584 1899 1510 1883" 
                    HPOS="578"
                    VPOS="1821"
                    WIDTH="932"
                    HEIGHT="109">
            <Shape><Polygon POINTS="584 1899 582 1832 665 1845 735 1830 750 1827 750 1827 750 1827 753 1827 753 1827 753 1827 755 1827 755 1827 755 1827 757 1827 759 1830 784 1848 835 1848 876 1834 878 1834 878 1834 878 1834 880 1834 965 1839 992 1827 1006 1823 1006 1823 1008 1823 1008 1823 1008 1823 1010 1823 1010 1823 1048 1827 1129 1841 1160 1841 1174 1827 1178 1823 1178 1821 1178 1821 1181 1821 1181 1821 1181 1821 1183 1821 1183 1821 1183 1821 1185 1821 1185 1821 1187 1821 1187 1821 1203 1827 1234 1839 1503 1825 1510 1883 1510 1897 1407 1910 1407 1910 1405 1910 1286 1904 1216 1919 1216 1919 1216 1919 1214 1919 1051 1910 1026 1921 1026 1921 1026 1921 1024 1921 1024 1921 1021 1921 1021 1921 1021 1921 1019 1921 1019 1921 1019 1921 1017 1921 1017 1921 1017 1919 1006 1908 974 1924 974 1924 974 1924 972 1924 972 1924 970 1924 970 1924 889 1915 849 1926 847 1926 847 1926 847 1926 844 1926 844 1926 746 1912 717 1928 717 1928 717 1928 714 1928 714 1928 714 1930 607 1930 605 1928 605 1928 602 1928 602 1928 602 1928 600 1928 578 1912"/></Shape>
	    <String CONTENT="Qui finem imperii bactra futura canent :"
                    HPOS="578"
                    VPOS="1821"
                    WIDTH="932"
                    HEIGHT="109"></String>
          </TextLine>

          
          
          <TextLine ID="line_17"
                    TAGREFS="LT672"
                    BASELINE="531 1989 1571 1968" 
                    HPOS="524"
                    VPOS="1899"
                    WIDTH="1047"
                    HEIGHT="134">
            <Shape><Polygon POINTS="531 1989 524 1924 645 1912 647 1912 647 1912 647 1912 649 1912 649 1912 649 1912 652 1912 652 1912 652 1915 658 1921 670 1933 710 1933 732 1919 753 1910 753 1910 753 1910 755 1910 755 1910 757 1910 757 1910 822 1919 865 1924 871 1917 876 1910 878 1910 878 1908 878 1908 880 1908 880 1908 880 1908 883 1908 883 1908 885 1908 932 1908 932 1908 932 1908 934 1908 934 1908 934 1908 950 1917 970 1926 1098 1926 1120 1915 1140 1904 1140 1904 1140 1904 1143 1904 1143 1904 1143 1904 1145 1904 1145 1904 1147 1904 1181 1912 1210 1921 1221 1912 1230 1904 1230 1901 1230 1901 1232 1901 1232 1901 1232 1901 1234 1901 1234 1901 1234 1901 1237 1901 1237 1901 1239 1901 1239 1901 1239 1901 1241 1901 1257 1912 1270 1919 1389 1919 1423 1908 1461 1899 1463 1899 1463 1899 1465 1899 1465 1899 1465 1899 1467 1899 1492 1908 1508 1912 1564 1908 1571 1968 1571 2007 1405 2020 1402 2020 1402 2020 1402 2020 1400 2020 1400 2020 1398 2020 1398 2020 1385 2009 1367 1995 1299 2009 1299 2009 1299 2009 1297 2009 1297 2009 1297 2009 1246 1998 1230 2011 1228 2011 1228 2013 1228 2013 1225 2013 1225 2013 1223 2013 1223 2013 1223 2013 1221 2013 1221 2013 1203 2011 1125 2000 1107 2013 1091 2027 1091 2027 1089 2027 1089 2027 1089 2027 1086 2027 1086 2027 1086 2029 1042 2029 1039 2027 1039 2027 1037 2027 1037 2027 1037 2027 1035 2027 1035 2027 1021 2013 1008 2004 995 2013 977 2029 977 2029 974 2029 974 2029 974 2029 972 2029 972 2029 972 2031 936 2031 934 2029 934 2029 932 2029 932 2029 900 2016 876 2004 833 2016 775 2031 773 2031 773 2031 770 2031 770 2031 768 2031 768 2031 728 2018 708 2009 701 2018 685 2031 685 2033 685 2033 683 2033 683 2033 683 2033 681 2033 681 2033 681 2033 679 2033 679 2033 676 2033 676 2033 676 2033 645 2018 632 2011 531 2018"/></Shape>
	    <String CONTENT="S ed quod pace legas opus hoc de monte soroꝵ"
                    HPOS="524"
                    VPOS="1899"
                    WIDTH="1047"
                    HEIGHT="134"></String>
          </TextLine>

          
          
          <TextLine ID="line_18"
                    TAGREFS="LT672"
                    BASELINE="544 2078 815 2067 1420 2067" 
                    HPOS="537"
                    VPOS="2000"
                    WIDTH="883"
                    HEIGHT="98">
            <Shape><Polygon POINTS="544 2078 537 2024 587 2004 587 2004 589 2004 589 2004 591 2004 640 2004 640 2004 640 2004 643 2004 643 2004 643 2004 645 2004 645 2004 663 2020 699 2004 699 2004 701 2004 701 2004 701 2004 703 2004 703 2004 703 2004 705 2004 755 2020 847 2020 862 2004 862 2002 862 2002 865 2002 865 2002 865 2002 867 2002 867 2002 869 2002 869 2002 869 2002 948 2020 1028 2020 1071 2020 1071 2018 1089 2004 1089 2004 1091 2004 1091 2004 1091 2004 1093 2004 1093 2004 1095 2004 1095 2004 1095 2004 1156 2018 1158 2018 1160 2018 1203 2000 1203 2000 1205 2000 1205 2000 1208 2000 1275 2000 1275 2000 1275 2000 1277 2000 1277 2000 1277 2000 1279 2000 1279 2002 1297 2016 1297 2016 1297 2016 1378 2004 1378 2004 1380 2004 1380 2004 1380 2004 1382 2004 1420 2016 1420 2067 1418 2087 1333 2092 1331 2092 1331 2092 1331 2092 1329 2092 1329 2092 1320 2087 1293 2076 1279 2087 1279 2089 1279 2089 1277 2089 1277 2089 1277 2089 1275 2089 1275 2089 1275 2089 1273 2089 1273 2089 1270 2089 1270 2089 1266 2087 1246 2080 1219 2087 1192 2096 1190 2096 1190 2096 1187 2096 1187 2096 1187 2096 1185 2096 1160 2087 1127 2078 1093 2087 1064 2096 1062 2096 1062 2096 1060 2096 977 2094 977 2094 977 2094 974 2094 974 2094 972 2094 972 2094 972 2092 968 2087 954 2078 856 2087 833 2089 833 2089 831 2089 788 2087 638 2080 616 2087 589 2098 589 2098 587 2098 587 2098 584 2098 584 2098 582 2098 540 2087"/></Shape>
	    <String CONTENT=". Detulit intacta pagina nostra uia:"
                    HPOS="537"
                    VPOS="2000"
                    WIDTH="883"
                    HEIGHT="98"></String>
          </TextLine>

          
          
          <TextLine ID="line_19"
                    TAGREFS="LT672"
                    BASELINE="526 2148 1082 2154 1472 2143" 
                    HPOS="524"
                    VPOS="2080"
                    WIDTH="948"
                    HEIGHT="121">
            <Shape><Polygon POINTS="526 2148 524 2103 605 2103 605 2101 634 2080 636 2080 636 2080 636 2080 638 2080 638 2080 638 2080 640 2080 679 2083 679 2083 681 2083 681 2083 681 2083 683 2083 683 2083 683 2085 701 2101 701 2103 811 2103 813 2101 860 2080 860 2080 862 2080 862 2080 862 2080 865 2080 865 2080 867 2080 867 2080 914 2098 932 2083 932 2080 934 2080 934 2080 934 2080 936 2080 936 2080 939 2080 990 2080 990 2080 990 2080 992 2080 992 2080 992 2080 995 2080 995 2080 1017 2101 1019 2103 1102 2103 1107 2098 1149 2080 1149 2080 1151 2080 1151 2080 1151 2080 1154 2080 1154 2080 1154 2080 1156 2080 1201 2096 1225 2080 1228 2080 1228 2080 1228 2080 1230 2080 1230 2080 1232 2080 1232 2080 1232 2080 1234 2080 1295 2098 1299 2098 1364 2098 1391 2098 1402 2087 1402 2085 1402 2085 1405 2085 1405 2085 1405 2085 1407 2085 1407 2085 1409 2085 1409 2085 1409 2085 1467 2098 1472 2143 1470 2168 1411 2170 1369 2199 1367 2199 1367 2199 1367 2199 1364 2199 1364 2199 1364 2199 1362 2199 1362 2199 1360 2199 1360 2199 1281 2168 1279 2168 1277 2168 1232 2199 1230 2199 1230 2199 1230 2199 1228 2199 1228 2199 1225 2199 1225 2199 1225 2199 1223 2199 1223 2199 1223 2199 1221 2199 1185 2175 1127 2199 1127 2199 1125 2199 1125 2199 1122 2199 1122 2199 1122 2199 1120 2199 1120 2199 1120 2199 1118 2199 1078 2168 1073 2168 914 2168 909 2168 847 2199 847 2199 847 2199 844 2199 844 2199 844 2201 665 2201 663 2199 663 2199 661 2199 661 2199 661 2199 658 2199 658 2199 625 2170 524 2168"/></Shape>
	    <String CONTENT="Mollia pegasides date uestro serta poete"
                    HPOS="524"
                    VPOS="2080"
                    WIDTH="948"
                    HEIGHT="121"></String>
          </TextLine>

          
          
          <TextLine ID="line_20"
                    TAGREFS="LT672"
                    BASELINE="593 2248 1456 2235" 
                    HPOS="591"
                    VPOS="2181"
                    WIDTH="865"
                    HEIGHT="121">
            <Shape><Polygon POINTS="593 2248 591 2190 721 2204 741 2188 741 2188 741 2188 744 2188 744 2188 744 2188 746 2188 746 2188 748 2188 748 2188 748 2188 750 2188 750 2188 750 2188 753 2188 753 2188 770 2201 824 2190 824 2190 824 2190 827 2190 827 2190 827 2190 829 2190 867 2201 912 2188 918 2186 921 2186 921 2186 921 2186 923 2186 923 2186 925 2186 932 2188 970 2199 1001 2188 1017 2181 1017 2181 1019 2181 1019 2181 1019 2181 1021 2181 1021 2181 1064 2186 1138 2197 1450 2186 1456 2235 1454 2271 1380 2262 1358 2273 1344 2278 1344 2278 1342 2278 1342 2278 1342 2278 1340 2278 1340 2278 1338 2278 1338 2278 1338 2278 1335 2278 1329 2273 1311 2262 1241 2273 1149 2287 1149 2287 1147 2287 1147 2287 1147 2287 1145 2287 1145 2287 1145 2287 1120 2273 1116 2271 1109 2273 1042 2293 1039 2293 1039 2293 1039 2293 1037 2293 1037 2293 1035 2293 1035 2293 1035 2293 992 2273 983 2269 977 2273 945 2298 945 2298 943 2298 943 2298 941 2298 941 2298 941 2298 847 2300 844 2300 844 2300 844 2300 842 2300 786 2282 739 2302 739 2302 737 2302 737 2302 737 2302 735 2302 735 2302 735 2302 732 2302 732 2302 667 2275 593 2275"/></Shape>
	    <String CONTENT="Non faciet capite dura corona meo:"
                    HPOS="591"
                    VPOS="2181"
                    WIDTH="865"
                    HEIGHT="121"></String>
          </TextLine>

          
        </TextBlock>
        
        <TextBlock HPOS="1727"
                   VPOS="376"
                   WIDTH="1099"
                   HEIGHT="1646"
                   ID="block_2"
                   TAGREFS="BT1941">
          <Shape><Polygon POINTS="2754 743 2754 822 2658 857 2628 938 2727 1021 2747 1084 2826 1111 2826 1261 2720 1305 2673 1397 2736 1478 2691 1576 2691 1771 2808 1818 2763 2004 2362 2022 1781 1986 1781 1908 1727 1888 1781 1789 1781 1747 1727 1709 1781 1628 1772 1541 1736 1529 1772 1406 1727 1368 1736 1290 1772 1270 1772 1218 1727 1189 1727 1111 1772 1072 1736 1010 1772 851 1727 831 1727 752 1772 705 1727 633 1763 535 1727 463 1754 376 2628 376 2709 403 2736 483 2709 705"/></Shape>
          
          
          <TextLine ID="line_21"
                    TAGREFS="LT672"
                    BASELINE="1732 439 2689 434" 
                    HPOS="1723"
                    VPOS="371"
                    WIDTH="966"
                    HEIGHT="97">
            <Shape><Polygon POINTS="1732 439 1723 392 1750 374 1752 374 1752 374 1752 374 1754 374 1754 374 1754 374 1757 374 1757 374 1759 374 1759 374 1759 374 1788 387 1898 374 1898 374 1900 374 1900 374 1902 374 1954 389 2021 389 2035 376 2035 374 2035 374 2037 374 2037 374 2037 374 2039 374 2039 374 2041 374 2041 374 2041 374 2043 374 2043 374 2046 374 2066 387 2086 374 2088 374 2088 374 2088 374 2091 374 2091 374 2091 374 2093 374 2093 374 2173 387 2203 371 2203 371 2203 371 2205 371 2205 371 2205 371 2207 371 2207 371 2209 371 2209 371 2243 385 2310 371 2310 371 2312 371 2422 371 2422 371 2422 371 2424 371 2424 371 2424 371 2427 371 2447 385 2496 371 2498 371 2498 371 2498 371 2501 371 2501 371 2503 371 2503 371 2541 385 2649 371 2649 371 2651 371 2651 371 2651 371 2653 371 2653 371 2687 387 2689 434 2689 454 2537 454 2534 454 2512 465 2512 465 2512 465 2510 465 2510 465 2507 465 2507 465 2507 465 2454 454 2427 450 2333 450 2328 456 2317 465 2317 465 2315 465 2315 465 2315 465 2312 465 2312 465 2312 468 2254 468 2252 465 2252 465 2250 465 2250 465 2250 465 2247 465 2247 465 2238 456 2232 452 2200 456 2124 468 2124 468 2122 468 2122 468 2122 468 2075 456 2059 454 2052 456 2037 468 2035 468 2035 468 2032 468 2032 468 2032 468 2030 468 1873 463 1873 463 1873 463 1871 463 1871 463 1871 463 1869 463 1869 463 1869 461 1864 459 1857 452 1837 459 1817 465 1815 465 1815 465 1815 465 1813 465 1813 465 1810 465 1810 465 1810 465 1808 465 1801 459 1790 452 1732 459"/></Shape>
	    <String CONTENT="A t mihi quod uiuo detraxerit inuida turba"
                    HPOS="1723"
                    VPOS="371"
                    WIDTH="966"
                    HEIGHT="97"></String>
          </TextLine>

          
          
          <TextLine ID="line_23"
                    TAGREFS="LT672"
                    BASELINE="1739 618 2705 622" 
                    HPOS="1736"
                    VPOS="551"
                    WIDTH="969"
                    HEIGHT="107">
            <Shape><Polygon POINTS="1739 618 1739 568 1938 568 1952 564 1996 551 1999 551 1999 551 2001 551 2073 551 2073 551 2073 551 2075 551 2075 551 2075 551 2077 551 2077 553 2091 564 2097 571 2176 571 2189 562 2205 551 2207 551 2207 551 2207 551 2209 551 2209 551 2212 551 2212 551 2212 551 2270 562 2310 568 2346 560 2368 555 2371 555 2371 555 2373 555 2373 555 2413 560 2498 571 2559 557 2586 553 2586 553 2586 553 2588 553 2588 553 2590 553 2590 553 2590 553 2593 553 2599 557 2615 568 2628 557 2633 553 2633 553 2635 553 2635 553 2635 553 2637 553 2637 553 2637 553 2640 553 2702 557 2705 622 2698 645 2662 636 2642 645 2617 656 2617 656 2615 656 2615 656 2615 656 2613 656 2613 656 2611 656 2611 656 2611 656 2588 645 2563 633 2436 645 2413 645 2411 645 2411 645 2393 642 2315 633 2303 642 2292 654 2292 656 2292 656 2290 656 2290 656 2290 656 2288 656 2288 656 2288 658 2234 658 2232 656 2169 654 2169 654 2169 654 2167 654 2167 654 2167 654 2142 642 2126 633 2023 633 2014 640 2001 651 2001 654 2001 654 1999 654 1999 654 1999 654 1996 654 1996 654 1996 656 1907 656 1905 654 1905 654 1835 640 1790 631 1736 638"/></Shape>
	    <String CONTENT="O mnia post obitum fingit maiora uetustas"
                    HPOS="1736"
                    VPOS="551"
                    WIDTH="969"
                    HEIGHT="107"></String>
          </TextLine>

          
          
          <TextLine ID="line_22"
                    TAGREFS="LT672"
                    BASELINE="1790 537 2720 530" 
                    HPOS="1784"
                    VPOS="459"
                    WIDTH="936"
                    HEIGHT="107">
            <Shape><Polygon POINTS="1790 537 1784 479 1813 468 1813 468 1815 468 1815 468 1817 468 1817 468 1817 468 1819 468 1857 479 1862 479 1866 479 1913 463 1916 463 1916 463 1916 463 1918 463 1918 463 1918 463 1920 463 1920 463 1954 479 1956 479 1956 479 1972 465 1972 463 1972 463 1974 463 1974 463 1976 463 1976 463 1976 463 1978 463 1978 463 1981 463 1981 463 1981 463 1983 463 1983 463 1983 465 1996 477 1999 481 2086 481 2091 477 2124 461 2124 461 2124 461 2126 461 2126 461 2129 461 2129 461 2236 472 2306 461 2306 461 2306 461 2308 461 2308 461 2310 461 2368 477 2373 477 2400 477 2472 474 2485 461 2485 459 2485 459 2487 459 2487 459 2487 459 2489 459 2489 459 2492 459 2537 459 2537 459 2537 459 2539 459 2539 459 2539 459 2541 459 2541 461 2557 474 2595 459 2595 459 2597 459 2597 459 2597 459 2599 459 2599 459 2716 477 2720 530 2718 551 2646 548 2642 553 2633 560 2633 562 2633 562 2631 562 2631 562 2631 562 2628 562 2628 562 2626 562 2626 562 2626 562 2624 562 2624 562 2602 553 2572 542 2512 555 2492 557 2492 557 2492 557 2489 557 2489 557 2487 557 2487 557 2478 555 2442 542 2317 557 2247 564 2247 564 2245 564 2245 564 2243 564 2243 564 2243 564 2241 564 2241 564 2241 562 2234 557 2223 546 2212 557 2205 562 2205 564 2205 564 2203 564 2203 564 2203 564 2200 564 2200 564 2200 566 2117 566 2115 564 2115 564 2113 564 2113 564 2113 564 2111 564 2111 564 2106 560 2088 546 1918 546 1900 562 1896 564 1896 566 1896 566 1893 566 1893 566 1891 566 1891 566 1891 566 1889 566 1889 566 1887 566 1871 562 1844 555 1790 562"/></Shape>
	    <String CONTENT="Post obitum duplici fenore reddit honos :"
                    HPOS="1784"
                    VPOS="459"
                    WIDTH="936"
                    HEIGHT="107"></String>
          </TextLine>

          
          
          <TextLine ID="line_25"
                    TAGREFS="LT672"
                    BASELINE="1730 797 1949 810 2745 804" 
                    HPOS="1727"
                    VPOS="732"
                    WIDTH="1018"
                    HEIGHT="116">
            <Shape><Polygon POINTS="1730 797 1727 734 1775 734 1775 734 1775 734 1777 734 1777 734 1777 734 1777 734 1779 734 1779 734 1779 736 1792 748 1810 736 1813 736 1813 736 1813 736 1815 736 1815 736 1817 736 1817 736 1817 736 1819 736 1819 736 1819 736 1822 736 1822 736 1822 739 1837 754 2144 754 2178 741 2200 734 2203 734 2203 734 2203 734 2205 734 2205 734 2207 734 2234 743 2268 752 2281 743 2292 734 2294 734 2294 734 2294 734 2297 734 2297 734 2297 734 2299 734 2299 734 2373 745 2384 745 2386 745 2418 732 2418 732 2420 732 2420 732 2420 732 2422 732 2422 732 2424 732 2424 732 2424 732 2454 745 2456 748 2458 745 2481 732 2483 732 2483 732 2483 732 2485 732 2485 732 2487 732 2633 732 2633 732 2633 732 2740 752 2745 804 2745 822 2682 833 2682 833 2680 833 2680 833 2581 822 2566 822 2563 822 2525 846 2523 846 2523 846 2521 846 2521 846 2521 846 2519 846 2519 846 2516 846 2427 822 2420 822 2418 822 2368 848 2368 848 2368 848 2366 848 2366 848 2364 848 2364 848 2364 848 2243 824 2189 848 2189 848 2189 848 2187 848 2187 848 2185 848 2185 848 2185 848 2182 848 2182 848 2182 848 2153 833 2138 846 2138 848 2138 848 2135 848 2135 848 2133 848 2133 848 2133 848 2131 848 2131 848 2131 848 2075 837 2017 848 2017 848 2017 848 2014 848 2014 848 2012 848 2012 848 1970 833 1869 848 1869 848 1866 848 1866 848 1866 848 1864 848 1864 848 1864 848 1862 848 1862 848 1833 824 1730 824"/></Shape>
	    <String CONTENT="N am quis equos pulsas abiegno nosceret arces"
                    HPOS="1727"
                    VPOS="732"
                    WIDTH="1018"
                    HEIGHT="116"></String>
          </TextLine>

          
          
          <TextLine ID="line_24"
                    TAGREFS="LT672"
                    BASELINE="1790 716 2667 712" 
                    HPOS="1784"
                    VPOS="654"
                    WIDTH="883"
                    HEIGHT="94">
            <Shape><Polygon POINTS="1790 716 1784 667 1819 654 1819 654 1822 654 1822 654 1824 654 2662 654 2667 712 2664 736 2386 736 2384 734 2384 734 2384 734 2330 723 2265 734 2265 734 2265 734 2263 734 2263 734 2263 734 2182 728 2167 734 2147 745 2147 745 2147 745 2144 745 2144 745 2144 748 1958 748 1956 745 1956 745 1956 745 1911 734 1882 728 1873 734 1871 736 1871 739 1871 739 1869 739 1869 739 1869 739 1866 739 1866 739 1866 739 1864 739 1864 739 1862 739 1862 739 1862 739 1860 739 1855 734 1842 728 1790 734"/></Shape>
	    <String CONTENT="Minus ab ex equiis nomen in ora uenit :"
                    HPOS="1784"
                    VPOS="654"
                    WIDTH="883"
                    HEIGHT="94"></String>
          </TextLine>

          
          
          <TextLine ID="line_27"
                    TAGREFS="LT672"
                    BASELINE="1743 983 2611 983" 
                    HPOS="1743"
                    VPOS="918"
                    WIDTH="868"
                    HEIGHT="98">
            <Shape><Polygon POINTS="1743 983 1743 925 2059 934 2075 927 2095 920 2095 920 2097 920 2097 920 2097 920 2100 920 2100 920 2102 920 2102 920 2102 920 2104 920 2104 920 2113 929 2120 934 2243 934 2250 929 2268 918 2270 918 2270 918 2270 918 2272 918 2272 918 2274 918 2274 918 2274 918 2342 931 2353 934 2355 931 2368 920 2368 918 2368 918 2371 918 2371 918 2371 918 2373 918 2373 918 2375 918 2449 918 2449 918 2449 918 2451 918 2451 918 2451 918 2454 918 2454 918 2472 934 2611 936 2611 983 2611 999 2532 999 2530 999 2512 1014 2512 1014 2510 1014 2510 1014 2510 1014 2507 1014 2507 1014 2507 1014 2505 1014 2505 1014 2503 1014 2447 999 2440 999 2418 1001 2317 1010 2317 1010 2315 1010 2315 1010 2261 1003 2252 1001 2250 1003 2236 1014 2236 1014 2234 1014 2234 1014 2234 1014 2232 1014 2232 1014 2232 1014 2230 1014 2073 1005 2041 1003 2039 1005 2030 1012 2030 1014 2030 1014 2028 1014 2028 1014 2028 1014 2026 1014 2026 1014 2026 1016 1893 1016 1891 1014 1891 1014 1889 1014 1889 1014 1889 1014 1887 1014 1887 1014 1887 1012 1880 1008 1871 999 1743 1008"/></Shape>
	    <String CONTENT="I deum simeunta iouis cunabula parui"
                    HPOS="1743"
                    VPOS="918"
                    WIDTH="868"
                    HEIGHT="98"></String>
          </TextLine>

          
          
          <TextLine ID="line_26"
                    TAGREFS="LT672"
                    BASELINE="1792 896 2597 887" 
                    HPOS="1784"
                    VPOS="826"
                    WIDTH="813"
                    HEIGHT="103">
            <Shape><Polygon POINTS="1792 896 1784 846 1801 833 1801 833 1804 833 1804 833 1804 833 1806 833 1806 833 1808 833 1864 833 1864 833 1864 833 1866 833 1866 833 1866 833 1891 846 1896 848 1900 846 1934 833 1934 833 1936 833 1936 833 1936 833 1938 833 1938 833 1940 833 1940 833 1940 833 1965 846 1972 848 2104 848 2108 846 2129 833 2131 833 2131 833 2133 833 2133 833 2133 833 2135 833 2135 833 2138 833 2138 833 2138 833 2140 833 2158 844 2160 846 2165 844 2200 835 2203 835 2203 835 2203 835 2205 835 2205 835 2207 835 2245 844 2247 844 2247 844 2328 828 2328 828 2328 828 2330 828 2330 828 2333 828 2386 844 2389 844 2389 844 2422 826 2422 826 2422 826 2424 826 2424 826 2427 826 2427 826 2593 844 2597 887 2593 916 2474 900 2447 916 2440 922 2438 922 2438 922 2438 922 2436 922 2436 922 2433 922 2351 920 2351 920 2351 920 2348 920 2348 920 2348 920 2346 920 2342 916 2321 902 2279 916 2277 916 2277 916 2277 916 2277 916 2274 916 2274 916 2274 916 2272 916 2272 916 2272 916 2270 916 2252 902 2218 916 2218 916 2216 916 2216 916 2216 916 2214 916 2214 916 2214 916 2214 916 2212 916 2212 916 2182 904 2149 916 2147 916 2147 916 2147 916 2147 916 2144 916 2144 916 2068 911 2043 916 1994 929 1992 929 1992 929 1990 929 1990 929 1990 929 1927 916 1873 907 1792 916"/></Shape>
	    <String CONTENT="Fluminaq emonio cominus isse uiro :"
                    HPOS="1784"
                    VPOS="826"
                    WIDTH="813"
                    HEIGHT="103"></String>
          </TextLine>

          
          
          <TextLine ID="line_29"
                    TAGREFS="LT672"
                    BASELINE="1734 1160 2821 1171" 
                    HPOS="1732"
                    VPOS="1086"
                    WIDTH="1089"
                    HEIGHT="123">
            <Shape><Polygon POINTS="1734 1160 1734 1104 1831 1106 1837 1104 1882 1086 1882 1086 1884 1086 1884 1086 1884 1086 1887 1086 1887 1086 1889 1086 1889 1086 1889 1086 1891 1086 1891 1086 1891 1088 1905 1099 1920 1088 1922 1088 1922 1088 1922 1088 1925 1088 1925 1088 1925 1088 1927 1088 1927 1088 1929 1088 1929 1088 1929 1088 1931 1088 1958 1106 1965 1111 2055 1111 2057 1106 2075 1090 2075 1088 2075 1088 2077 1088 2077 1088 2077 1088 2079 1088 2079 1088 2079 1088 2082 1088 2082 1088 2084 1088 2084 1088 2084 1088 2086 1088 2086 1088 2102 1102 2126 1088 2126 1088 2126 1088 2129 1088 2129 1088 2129 1088 2131 1088 2131 1088 2133 1088 2133 1088 2133 1088 2135 1088 2167 1108 2167 1108 2167 1108 2209 1090 2209 1090 2212 1090 2212 1090 2212 1090 2214 1090 2214 1090 2216 1090 2216 1090 2216 1090 2218 1090 2218 1090 2241 1108 2243 1111 2252 1108 2337 1093 2337 1093 2339 1093 2339 1093 2339 1093 2342 1093 2342 1093 2380 1108 2476 1093 2476 1093 2478 1093 2478 1093 2478 1093 2481 1093 2481 1093 2481 1093 2516 1111 2550 1093 2550 1093 2550 1093 2552 1093 2552 1093 2552 1093 2554 1093 2554 1093 2557 1093 2557 1093 2557 1093 2590 1108 2693 1095 2693 1095 2696 1095 2696 1095 2696 1095 2698 1095 2698 1095 2698 1095 2700 1095 2700 1095 2700 1097 2714 1111 2821 1117 2821 1171 2817 1193 2720 1187 2689 1193 2622 1209 2622 1209 2622 1209 2619 1209 2619 1209 2619 1209 2617 1209 2617 1209 2615 1209 2615 1209 2615 1207 2615 1207 2602 1193 2599 1189 2541 1184 2422 1184 2407 1191 2382 1205 2382 1205 2382 1205 2380 1205 2380 1205 2377 1205 2377 1205 2377 1205 2375 1205 2375 1205 2375 1205 2351 1191 2330 1182 2288 1182 2270 1191 2241 1205 2241 1205 2241 1205 2238 1205 2238 1205 2236 1205 2236 1205 2138 1191 2111 1187 2102 1189 2070 1202 2070 1202 2068 1202 2068 1202 2068 1205 1983 1205 1981 1202 1981 1202 1978 1202 1938 1189 1907 1178 1887 1189 1869 1200 1866 1200 1866 1200 1864 1200 1864 1200 1864 1202 1817 1202 1815 1200 1815 1200 1813 1200 1813 1200 1813 1200 1810 1200 1810 1200 1797 1189 1781 1178 1732 1187"/></Shape>
	    <String CONTENT="D eiphebumq : helenũq : &amp; polidamantes ĩ armis"
                    HPOS="1732"
                    VPOS="1086"
                    WIDTH="1089"
                    HEIGHT="123"></String>
          </TextLine>

          
          
          <TextLine ID="line_28"
                    TAGREFS="LT672"
                    BASELINE="1792 1070 2718 1064" 
                    HPOS="1788"
                    VPOS="1003"
                    WIDTH="930"
                    HEIGHT="101">
            <Shape><Polygon POINTS="1792 1070 1788 1010 1889 1008 1891 1008 1891 1008 1893 1008 1893 1008 1893 1008 1896 1008 1896 1008 1896 1010 1913 1023 2093 1023 2106 1010 2111 1008 2111 1005 2111 1005 2113 1005 2113 1005 2115 1005 2115 1005 2115 1005 2117 1005 2117 1005 2120 1005 2138 1010 2176 1019 2256 1010 2283 1008 2283 1008 2286 1008 2315 1010 2400 1019 2413 1010 2422 1003 2424 1003 2424 1003 2424 1003 2427 1003 2427 1003 2429 1003 2541 1003 2541 1003 2541 1003 2543 1003 2543 1003 2543 1003 2546 1003 2554 1010 2563 1016 2572 1010 2584 1003 2586 1003 2586 1003 2588 1003 2588 1003 2588 1003 2590 1003 2714 1012 2718 1064 2714 1093 2557 1081 2494 1095 2472 1099 2472 1099 2472 1099 2469 1099 2469 1099 2469 1099 2467 1099 2456 1095 2413 1081 2310 1081 2286 1097 2279 1102 2277 1102 2277 1102 2274 1102 2274 1102 2274 1102 2272 1102 2272 1102 2270 1102 2270 1102 2270 1102 2268 1102 2268 1102 2263 1097 2250 1086 2207 1097 2191 1102 2189 1102 2189 1102 2187 1102 2187 1102 2156 1097 2088 1088 2010 1099 1970 1104 1970 1104 1967 1104 1967 1104 1965 1104 1965 1104 1965 1104 1956 1099 1929 1086 1792 1099"/></Shape>
	    <String CONTENT="Hectora per campos ter maculasse rotas :"
                    HPOS="1788"
                    VPOS="1003"
                    WIDTH="930"
                    HEIGHT="101"></String>
          </TextLine>

          
          
          <TextLine ID="line_30"
                    TAGREFS="LT672"
                    BASELINE="1797 1265 2810 1243" 
                    HPOS="1788"
                    VPOS="1178"
                    WIDTH="1022"
                    HEIGHT="123">
            <Shape><Polygon POINTS="1797 1265 1788 1207 1826 1196 1828 1196 1828 1196 1828 1196 1831 1196 1831 1196 1833 1196 1833 1196 1860 1205 1864 1207 1869 1205 1887 1193 1889 1193 1889 1193 1891 1193 1891 1193 1891 1193 1893 1193 2124 1200 2194 1202 2198 1200 2223 1187 2223 1187 2223 1187 2225 1187 2225 1187 2225 1187 2227 1187 2227 1187 2230 1187 2230 1187 2230 1187 2254 1198 2261 1202 2286 1198 2328 1191 2328 1191 2328 1191 2330 1191 2330 1191 2368 1198 2386 1200 2389 1196 2398 1187 2400 1187 2400 1184 2400 1184 2402 1184 2402 1184 2402 1184 2404 1184 2404 1184 2442 1182 2445 1182 2445 1182 2445 1182 2447 1182 2447 1182 2478 1196 2487 1198 2498 1196 2552 1180 2554 1180 2554 1180 2557 1180 2557 1180 2557 1180 2626 1193 2631 1193 2633 1193 2651 1178 2651 1178 2653 1178 2653 1178 2653 1178 2655 1178 2655 1178 2655 1178 2658 1178 2805 1191 2810 1243 2808 1270 2711 1270 2707 1272 2684 1288 2682 1288 2682 1288 2682 1288 2680 1288 2680 1288 2680 1288 2678 1288 2678 1288 2678 1288 2615 1272 2584 1265 2572 1274 2552 1290 2552 1290 2550 1290 2550 1290 2550 1290 2548 1290 2548 1290 2548 1292 2516 1292 2514 1290 2514 1290 2512 1290 2512 1290 2512 1290 2510 1290 2485 1274 2472 1267 2433 1267 2422 1274 2398 1294 2398 1294 2395 1294 2395 1294 2395 1294 2393 1294 2393 1294 2393 1296 2364 1296 2362 1294 2362 1294 2359 1294 2359 1294 2359 1294 2357 1294 2357 1292 2342 1279 2310 1292 2310 1292 2308 1292 2308 1292 2308 1292 2306 1292 2306 1292 2303 1292 2303 1292 2303 1292 2301 1292 2301 1292 2301 1290 2286 1276 2281 1272 2205 1272 2194 1279 2171 1294 2169 1294 2169 1294 2169 1294 2167 1294 2167 1294 2100 1301 2100 1301 2097 1301 1795 1281"/></Shape>
	    <String CONTENT="Qualemcumq parim uix sua noscet humus:"
                    HPOS="1788"
                    VPOS="1178"
                    WIDTH="1022"
                    HEIGHT="123"></String>
          </TextLine>

          
          
          <TextLine ID="line_31"
                    TAGREFS="LT672"
                    BASELINE="1745 1352 2682 1330" 
                    HPOS="1743"
                    VPOS="1267"
                    WIDTH="939"
                    HEIGHT="121">
            <Shape><Polygon POINTS="1745 1352 1743 1290 1817 1301 1907 1285 1929 1283 1929 1283 1929 1283 1931 1283 1974 1285 2115 1294 2153 1283 2165 1279 2167 1279 2167 1279 2167 1279 2169 1279 2205 1281 2303 1290 2422 1288 2438 1276 2447 1272 2449 1272 2449 1272 2451 1272 2451 1272 2451 1272 2454 1272 2454 1272 2454 1272 2456 1272 2456 1272 2467 1276 2487 1285 2548 1276 2599 1267 2599 1267 2602 1267 2602 1267 2602 1267 2604 1267 2626 1274 2649 1281 2673 1274 2682 1330 2682 1346 2581 1366 2581 1366 2579 1366 2579 1366 2474 1355 2433 1373 2433 1373 2431 1373 2431 1373 2431 1373 2429 1373 2429 1373 2342 1357 2337 1357 2333 1357 2301 1368 2299 1368 2299 1368 2299 1368 2297 1368 2212 1361 2205 1361 2203 1361 2182 1379 2182 1379 2180 1379 2180 1379 2180 1379 2178 1379 2178 1379 2178 1379 2176 1379 2176 1379 2091 1366 2079 1364 2075 1366 2059 1379 2059 1379 2057 1379 2057 1379 2057 1379 2055 1379 2055 1379 2052 1379 2052 1379 2052 1379 1999 1368 1996 1368 1994 1368 1934 1386 1931 1386 1931 1386 1929 1386 1929 1386 1929 1386 1927 1386 1927 1386 1925 1386 1925 1386 1907 1373 1891 1384 1891 1386 1891 1386 1889 1386 1889 1386 1887 1386 1887 1386 1887 1386 1837 1388 1835 1388 1835 1388 1743 1375"/></Shape>
	    <String CONTENT="E xiguo sermone fores nunc ylion: &amp; tu"
                    HPOS="1743"
                    VPOS="1267"
                    WIDTH="939"
                    HEIGHT="121"></String>
          </TextLine>

          
          
          <TextLine ID="line_32"
                    TAGREFS="LT672"
                    BASELINE="1792 1440 2628 1420" 
                    HPOS="1784"
                    VPOS="1357"
                    WIDTH="844"
                    HEIGHT="112">
            <Shape><Polygon POINTS="1792 1440 1784 1393 1806 1377 1808 1377 1808 1377 1808 1377 1810 1377 1810 1377 1810 1377 1813 1377 1813 1377 1880 1388 1913 1373 1913 1373 1913 1373 1916 1373 1916 1373 1918 1373 1918 1373 1918 1373 1920 1373 1920 1373 1922 1373 1945 1386 1972 1370 1972 1370 1972 1370 1974 1370 1974 1370 1974 1370 1976 1370 1976 1370 1978 1370 1978 1370 2012 1384 2100 1368 2100 1368 2100 1368 2102 1368 2102 1368 2104 1368 2158 1382 2180 1370 2180 1370 2180 1370 2182 1370 2182 1370 2185 1370 2185 1370 2185 1370 2234 1379 2254 1364 2254 1364 2256 1364 2256 1364 2259 1364 2259 1364 2259 1364 2261 1364 2424 1375 2431 1366 2433 1366 2433 1364 2433 1364 2436 1364 2436 1364 2436 1364 2438 1364 2438 1364 2440 1364 2440 1364 2516 1373 2534 1359 2534 1357 2537 1357 2537 1357 2537 1357 2539 1357 2539 1357 2541 1357 2597 1357 2597 1357 2597 1357 2599 1357 2599 1357 2602 1357 2628 1373 2628 1420 2628 1433 2440 1456 2440 1456 2438 1456 2438 1456 2353 1442 2324 1438 2268 1438 2256 1444 2232 1458 2232 1458 2232 1458 2230 1458 2230 1458 2230 1458 2227 1458 2227 1458 2225 1458 2180 1447 2165 1442 2147 1447 2122 1456 2120 1456 2120 1456 2120 1456 2117 1456 2117 1456 2115 1456 2115 1456 2115 1456 2100 1449 2088 1442 2077 1449 2073 1453 2070 1453 2070 1453 2070 1453 2068 1453 2068 1453 2066 1453 2066 1453 2066 1453 2046 1449 2021 1444 2005 1451 1978 1462 1978 1462 1976 1462 1976 1462 1976 1462 1974 1462 1974 1462 1972 1462 1940 1453 1920 1447 1909 1453 1884 1469 1882 1469 1882 1469 1880 1469 1880 1469 1880 1469 1878 1469 1878 1469 1790 1456"/></Shape>
	    <String CONTENT="Troya bis oete numine capta dei :"
                    HPOS="1784"
                    VPOS="1357"
                    WIDTH="844"
                    HEIGHT="112"></String>
          </TextLine>

          
          
          <TextLine ID="line_33"
                    TAGREFS="LT672"
                    BASELINE="1745 1516 2723 1507" 
                    HPOS="1736"
                    VPOS="1449"
                    WIDTH="987"
                    HEIGHT="96">
            <Shape><Polygon POINTS="1745 1516 1736 1476 1754 1458 1754 1456 1754 1456 1757 1456 1757 1456 1757 1456 1759 1456 1759 1456 1759 1456 1761 1456 1761 1456 1763 1456 1763 1456 1763 1456 1766 1456 1784 1467 1844 1456 1844 1456 1844 1456 1846 1456 1846 1456 1848 1456 1848 1456 1848 1456 1851 1456 1851 1456 1851 1458 1864 1469 1918 1458 1918 1458 1918 1458 1920 1458 1920 1458 1922 1458 1922 1458 1922 1458 1925 1458 1925 1458 1938 1469 1983 1453 1985 1453 1985 1453 1985 1453 1987 1453 1987 1453 1990 1453 2043 1467 2086 1456 2088 1456 2088 1456 2091 1456 2091 1456 2091 1456 2153 1467 2180 1453 2180 1453 2180 1453 2182 1453 2182 1453 2182 1453 2185 1453 2469 1464 2516 1449 2519 1449 2519 1449 2519 1449 2521 1449 2716 1464 2723 1507 2718 1538 2563 1527 2543 1541 2541 1541 2541 1541 2541 1541 2541 1541 2539 1541 2539 1541 2539 1541 2537 1541 2537 1541 2537 1541 2534 1541 2534 1541 2534 1541 2532 1541 2510 1527 2472 1541 2472 1541 2472 1541 2469 1541 2469 1541 2467 1541 2467 1541 2467 1541 2465 1541 2465 1541 2427 1529 2404 1541 2404 1543 2402 1543 2402 1543 2400 1543 2400 1543 2400 1543 2398 1543 2398 1543 2395 1543 2389 1541 2339 1529 2317 1543 2317 1543 2315 1543 2315 1543 2312 1543 2312 1543 2312 1543 2310 1543 2310 1543 2310 1543 2308 1543 2308 1543 2308 1543 2306 1543 2306 1543 2306 1543 2292 1532 2108 1543 2068 1545 2066 1545 2066 1545 2066 1545 2055 1543 1994 1532 1987 1541 1985 1541 1985 1543 1985 1543 1983 1543 1983 1543 1983 1543 1981 1543 1981 1543 1981 1543 1978 1543 1786 1534 1748 1545"/></Shape>
	    <String CONTENT="N ec non ille tui casus memorator homerus"
                    HPOS="1736"
                    VPOS="1449"
                    WIDTH="987"
                    HEIGHT="96"></String>
          </TextLine>

          
          
          <TextLine ID="line_34"
                    TAGREFS="LT672"
                    BASELINE="1797 1610 2642 1606" 
                    HPOS="1790"
                    VPOS="1538"
                    WIDTH="852"
                    HEIGHT="117">
            <Shape><Polygon POINTS="1797 1610 1790 1565 1857 1541 1857 1541 1860 1541 1860 1541 1862 1541 1862 1541 2012 1559 2035 1561 2043 1559 2079 1543 2079 1543 2082 1543 2082 1543 2082 1543 2084 1543 2084 1543 2086 1543 2086 1543 2086 1543 2088 1543 2088 1543 2104 1556 2111 1561 2234 1561 2252 1552 2290 1538 2290 1538 2292 1538 2292 1538 2294 1538 2294 1538 2294 1538 2297 1538 2337 1550 2359 1556 2380 1550 2395 1543 2395 1543 2398 1543 2398 1543 2398 1543 2400 1543 2400 1543 2402 1543 2422 1547 2447 1554 2460 1547 2469 1541 2472 1541 2472 1541 2474 1541 2474 1541 2474 1541 2476 1541 2476 1541 2478 1541 2478 1541 2478 1541 2481 1541 2481 1541 2481 1543 2485 1545 2498 1559 2552 1545 2577 1538 2579 1538 2579 1538 2581 1538 2637 1543 2642 1606 2640 1630 2579 1630 2577 1630 2552 1650 2552 1650 2550 1650 2550 1650 2550 1650 2548 1650 2548 1650 2548 1653 2436 1653 2433 1650 2433 1650 2431 1650 2431 1650 2431 1650 2429 1650 2409 1635 2407 1635 2404 1635 2391 1648 2391 1650 2391 1650 2389 1650 2389 1650 2389 1650 2386 1650 2386 1650 2386 1653 2355 1653 2353 1650 2353 1650 2351 1650 2351 1650 2351 1650 2348 1650 2348 1650 2348 1648 2335 1637 2328 1630 2303 1637 2274 1646 2272 1646 2272 1646 2272 1646 2270 1646 2270 1646 2268 1646 2268 1646 2250 1639 2225 1630 2178 1641 2156 1646 2156 1646 2156 1646 2153 1646 2153 1646 2124 1644 2095 1639 2088 1644 2079 1653 2079 1653 2077 1653 2077 1653 2077 1653 2075 1653 2075 1653 2075 1655 2026 1655 2023 1653 2023 1653 2021 1653 2021 1653 2021 1653 2019 1653 2010 1646 1987 1632 1797 1650"/></Shape>
	    <String CONTENT="posteritate suum crescere sensit opus :"
                    HPOS="1790"
                    VPOS="1538"
                    WIDTH="852"
                    HEIGHT="117"></String>
          </TextLine>

          
          
          <TextLine ID="line_35"
                    TAGREFS="LT672"
                    BASELINE="1736 1704 2689 1695" 
                    HPOS="1730"
                    VPOS="1637"
                    WIDTH="959"
                    HEIGHT="96">
            <Shape><Polygon POINTS="1736 1704 1730 1662 1761 1648 1761 1648 1763 1648 1763 1648 1763 1648 1766 1648 1891 1657 1905 1646 1905 1644 1905 1644 1907 1644 1907 1644 1907 1644 1909 1644 1909 1644 1909 1644 1911 1644 1911 1644 1913 1644 1961 1657 2032 1657 2050 1657 2050 1655 2079 1641 2079 1641 2079 1641 2082 1641 2082 1641 2082 1641 2084 1641 2084 1641 2086 1641 2133 1655 2140 1655 2147 1655 2214 1639 2214 1639 2216 1639 2326 1639 2326 1639 2326 1639 2328 1639 2328 1639 2328 1639 2330 1639 2346 1650 2351 1655 2438 1655 2449 1648 2476 1637 2476 1637 2478 1637 2478 1637 2478 1637 2481 1637 2481 1637 2483 1637 2483 1637 2483 1637 2485 1637 2485 1637 2498 1648 2501 1650 2512 1648 2552 1637 2554 1637 2554 1637 2557 1637 2684 1646 2689 1695 2687 1722 2487 1715 2458 1722 2433 1727 2433 1727 2433 1727 2431 1727 2431 1727 2431 1727 2429 1727 2429 1727 2416 1722 2395 1713 2373 1722 2351 1729 2351 1729 2348 1729 2348 1729 2346 1729 2346 1729 2346 1729 2301 1720 2272 1715 2247 1720 2198 1731 2198 1731 2198 1731 2196 1731 2055 1720 2010 1715 1983 1718 1875 1733 1875 1733 1873 1733 1873 1733 1873 1733 1871 1733 1871 1733 1869 1733 1869 1733 1869 1731 1851 1718 1851 1718 1736 1718"/></Shape>
	    <String CONTENT="u eq inter seros laudabit roma nepotes"
                    HPOS="1730"
                    VPOS="1637"
                    WIDTH="959"
                    HEIGHT="96"></String>
          </TextLine>

          
          
          <TextLine ID="line_36"
                    TAGREFS="LT672"
                    BASELINE="1788 1794 2642 1787" 
                    HPOS="1779"
                    VPOS="1715"
                    WIDTH="863"
                    HEIGHT="117">
            <Shape><Polygon POINTS="1788 1794 1779 1736 1792 1722 1792 1720 1792 1720 1795 1720 1795 1720 1795 1720 1797 1720 1797 1720 1799 1720 1799 1720 1936 1733 2028 1720 2028 1720 2030 1720 2030 1720 2030 1720 2032 1720 2032 1720 2032 1720 2066 1738 2079 1744 2102 1738 2133 1729 2135 1729 2135 1729 2138 1729 2138 1729 2138 1729 2140 1729 2169 1738 2189 1747 2324 1747 2418 1744 2420 1742 2474 1715 2474 1715 2474 1715 2476 1715 2476 1715 2478 1715 2539 1715 2539 1715 2539 1715 2541 1715 2541 1715 2541 1715 2543 1715 2543 1715 2543 1718 2570 1742 2637 1744 2642 1787 2635 1814 2593 1803 2557 1814 2537 1821 2534 1821 2534 1821 2534 1821 2532 1821 2532 1821 2530 1821 2530 1821 2510 1814 2483 1803 2472 1814 2460 1823 2460 1825 2460 1825 2458 1825 2458 1825 2458 1825 2456 1825 2456 1825 2456 1827 2427 1827 2424 1825 2424 1825 2422 1825 2422 1825 2422 1825 2420 1825 2402 1814 2389 1803 2377 1812 2371 1818 2371 1818 2368 1818 2368 1818 2368 1818 2366 1818 2366 1818 2259 1827 2256 1827 2256 1827 2256 1827 2254 1827 2254 1827 2254 1827 2223 1812 2209 1805 2194 1812 2176 1818 2176 1818 2173 1818 2173 1818 2173 1818 2171 1818 2171 1818 2126 1812 2093 1805 2077 1809 2064 1816 2064 1816 2061 1816 2061 1816 2061 1816 2059 1816 2059 1816 2057 1816 2035 1809 2026 1807 2021 1809 2001 1827 2001 1830 2001 1830 1999 1830 1999 1830 1999 1830 1996 1830 1996 1830 1996 1832 1909 1832 1907 1830 1907 1830 1905 1830 1905 1830 1905 1830 1902 1830 1902 1830 1878 1809 1875 1809 1788 1809"/></Shape>
	    <String CONTENT="Illum post cineres auguror ipse diem :"
                    HPOS="1779"
                    VPOS="1715"
                    WIDTH="863"
                    HEIGHT="117"></String>
          </TextLine>

          
          
          <TextLine ID="line_37"
                    TAGREFS="LT672"
                    BASELINE="1734 1883 2801 1863" 
                    HPOS="1727"
                    VPOS="1803"
                    WIDTH="1074"
                    HEIGHT="112">
            <Shape><Polygon POINTS="1734 1883 1727 1839 1768 1821 1768 1821 1770 1821 1770 1821 1770 1821 1772 1821 1772 1821 1840 1832 1878 1818 1878 1818 1880 1818 1880 1818 1882 1818 1882 1818 1882 1818 1884 1818 1884 1818 1920 1832 1954 1821 1956 1821 1956 1821 1956 1821 1958 1821 2073 1830 2124 1814 2126 1814 2126 1814 2126 1814 2129 1814 2129 1814 2131 1814 2182 1827 2221 1812 2221 1812 2223 1812 2223 1812 2223 1812 2225 1812 2225 1812 2225 1812 2227 1812 2272 1825 2386 1825 2407 1809 2409 1809 2409 1809 2409 1809 2411 1809 2411 1809 2411 1809 2413 1809 2413 1809 2413 1809 2416 1809 2416 1809 2418 1809 2440 1823 2465 1809 2465 1809 2465 1809 2467 1809 2467 1809 2469 1809 2469 1809 2469 1809 2528 1821 2559 1805 2559 1805 2559 1805 2561 1805 2561 1805 2563 1805 2563 1805 2563 1805 2566 1805 2566 1805 2599 1818 2684 1803 2684 1803 2684 1803 2687 1803 2687 1803 2794 1818 2801 1863 2799 1895 2716 1883 2696 1897 2684 1906 2684 1906 2682 1906 2682 1906 2680 1906 2680 1906 2680 1906 2521 1908 2519 1908 2519 1908 2516 1908 2516 1908 2516 1908 2514 1908 2503 1899 2487 1888 2438 1899 2391 1910 2391 1910 2391 1910 2389 1910 2389 1910 2389 1910 2386 1910 2386 1910 2362 1901 2346 1895 2333 1901 2301 1912 2301 1912 2299 1912 2299 1912 2297 1912 2160 1906 2160 1906 2160 1906 2158 1906 2158 1906 2158 1906 2156 1906 2156 1906 2153 1904 2142 1895 2104 1895 2097 1904 2095 1906 2093 1906 2093 1908 2093 1908 2091 1908 2091 1908 2091 1908 2088 1908 2088 1908 2086 1908 2086 1908 2086 1908 2084 1908 2084 1908 2073 1904 2057 1897 1974 1904 1907 1910 1907 1910 1905 1910 1905 1910 1902 1910 1902 1910 1887 1906 1871 1899 1862 1906 1851 1915 1851 1915 1848 1915 1848 1915 1846 1915 1846 1915 1846 1915 1844 1915 1844 1915 1842 1915 1842 1915 1819 1906 1806 1901 1734 1906"/></Shape>
	    <String CONTENT="N ec mea contempto lapis indicet ossa sepulcro"
                    HPOS="1727"
                    VPOS="1803"
                    WIDTH="1074"
                    HEIGHT="112"></String>
          </TextLine>

          
          
          <TextLine ID="line_38"
                    TAGREFS="LT672"
                    BASELINE="1804 1964 2756 1957" 
                    HPOS="1799"
                    VPOS="1906"
                    WIDTH="959"
                    HEIGHT="96">
            <Shape><Polygon POINTS="1804 1964 1799 1908 2749 1906 2756 1957 2758 1975 2698 1998 2696 1998 2696 1998 2696 1998 2693 1998 2693 1998 2691 1998 2622 1980 2617 1980 2608 1980 2525 1991 2525 1991 2523 1991 2523 1991 2523 1991 2485 1984 2467 1980 2456 1984 2424 2000 2424 2000 2424 2000 2422 2000 2422 2000 2422 2000 2420 2000 2290 1989 2227 1984 2207 1991 2189 1998 2189 1998 2187 1998 2187 1998 2185 1998 2185 1998 2185 1998 2182 1998 2165 1993 2129 1982 2113 1993 2104 2002 2104 2002 2102 2002 2102 2002 2102 2002 2100 2002 2100 2002 2097 2002 2097 2002 2097 2002 2095 2002 2095 2002 2077 1995 2048 1984 1958 1998 1929 2002 1929 2002 1927 2002 1927 2002 1925 2002 1913 2000 1853 1984 1806 2002"/></Shape>
	    <String CONTENT="prouisum est licio uota probante deo :"
                    HPOS="1799"
                    VPOS="1906"
                    WIDTH="959"
                    HEIGHT="96"></String>
          </TextLine>

          
        </TextBlock>
        
        <TextBlock HPOS="1727"
                   VPOS="2060"
                   WIDTH="1054"
                   HEIGHT="213"
                   ID="block_1"
                   TAGREFS="BT1941">
          <Shape><Polygon POINTS="1817 2246 1790 2177 1727 2148 1781 2069 2326 2060 2709 2069 2781 2130 2611 2246 2485 2273"/></Shape>
          
          
          <TextLine ID="line_39"
                    TAGREFS="LT672"
                    BASELINE="1739 2145 2767 2134" 
                    HPOS="1734"
                    VPOS="2060"
                    WIDTH="1033"
                    HEIGHT="112">
            <Shape><Polygon POINTS="1739 2145 1734 2072 1797 2069 1799 2069 1799 2069 1801 2069 1801 2069 1801 2069 1804 2069 1804 2069 1804 2069 1804 2072 1822 2087 1842 2069 1842 2069 1844 2069 1844 2069 1844 2069 1844 2069 1846 2069 1846 2069 1848 2069 1848 2069 1848 2069 1851 2069 1851 2069 1913 2089 1987 2076 1987 2076 1987 2076 1990 2076 1990 2076 1992 2076 1992 2076 1992 2076 1994 2076 1994 2076 2010 2089 2133 2089 2169 2076 2171 2076 2171 2076 2171 2076 2173 2076 2173 2076 2265 2085 2306 2065 2306 2065 2306 2065 2306 2065 2308 2065 2308 2065 2310 2065 2310 2065 2310 2065 2312 2065 2312 2065 2312 2065 2312 2065 2351 2085 2393 2063 2395 2063 2395 2063 2395 2063 2398 2063 2398 2063 2400 2063 2400 2063 2400 2063 2402 2063 2402 2063 2404 2063 2454 2085 2521 2085 2637 2083 2705 2060 2767 2134 2765 2159 2660 2152 2622 2161 2615 2163 2613 2163 2613 2163 2611 2163 2611 2163 2611 2163 2608 2163 2608 2163 2604 2161 2581 2152 2561 2163 2554 2166 2554 2166 2554 2166 2552 2166 2552 2166 2552 2166 2550 2166 2550 2166 2548 2166 2548 2166 2548 2166 2546 2166 2546 2166 2543 2163 2530 2154 2469 2163 2451 2166 2451 2166 2449 2166 2449 2166 2433 2163 2359 2154 2234 2168 2216 2168 2216 2168 2214 2168 2214 2168 2205 2168 2149 2157 1985 2170 1974 2170 1972 2170 1972 2170 1972 2170 1970 2170 1970 2170 1970 2170 1943 2159 1739 2172"/></Shape>
	    <String CONTENT="C Arminis interea nostri redeamus in orbem"
                    HPOS="1734"
                    VPOS="2060"
                    WIDTH="1033"
                    HEIGHT="112"></String>
          </TextLine>

          
          
          <TextLine ID="line_40"
                    TAGREFS="LT672"
                    BASELINE="1804 2228 2617 2219" 
                    HPOS="1799"
                    VPOS="2154"
                    WIDTH="818"
                    HEIGHT="130">
            <Shape><Polygon POINTS="1804 2228 1799 2181 1900 2161 1900 2161 1902 2161 1967 2161 1967 2161 1967 2161 1970 2161 1970 2161 1970 2161 1972 2161 1972 2161 1972 2163 1985 2175 2091 2175 2115 2159 2117 2159 2117 2159 2120 2159 2120 2159 2122 2159 2169 2159 2169 2159 2169 2159 2171 2159 2171 2159 2171 2159 2173 2159 2173 2159 2189 2172 2194 2175 2216 2170 2270 2163 2270 2163 2272 2163 2272 2163 2339 2168 2391 2172 2402 2168 2420 2154 2422 2154 2422 2154 2422 2154 2424 2154 2424 2154 2427 2154 2427 2154 2427 2154 2429 2154 2429 2154 2458 2166 2469 2170 2481 2166 2507 2154 2507 2154 2510 2154 2510 2154 2512 2154 2512 2154 2512 2154 2514 2154 2543 2163 2554 2168 2559 2163 2566 2157 2566 2157 2568 2157 2568 2157 2568 2157 2570 2157 2570 2157 2570 2157 2572 2157 2572 2157 2613 2163 2617 2219 2615 2255 2550 2255 2548 2255 2505 2278 2505 2278 2505 2278 2503 2278 2503 2278 2503 2280 2429 2280 2427 2278 2427 2278 2424 2278 2424 2278 2382 2260 2380 2257 2377 2260 2351 2280 2351 2280 2348 2280 2348 2280 2346 2280 2346 2280 2346 2280 2344 2280 2344 2280 2342 2280 2286 2264 2203 2282 2203 2282 2203 2282 2200 2282 2200 2282 2198 2282 2198 2282 2198 2282 2162 2264 2158 2262 2151 2264 2095 2282 2093 2282 2093 2282 2093 2282 2091 2282 2091 2282 2091 2282 2088 2282 2088 2282 2052 2266 2037 2260 1927 2260 1909 2269 1873 2284 1873 2284 1871 2284 1871 2284 1871 2284 1869 2284 1869 2284 1801 2271"/></Shape>
	    <String CONTENT="Gaudeat in solito tacta puella sono :"
                    HPOS="1799"
                    VPOS="2154"
                    WIDTH="818"
                    HEIGHT="130"></String>
          </TextLine>

          
        </TextBlock>
        
        <TextBlock HPOS="2846"
                   VPOS="215"
                   WIDTH="96"
                   HEIGHT="78"
                   ID="block_3"
                   TAGREFS="BT1942">
          <Shape><Polygon POINTS="2942 232 2938 293 2846 293 2882 215"/></Shape>
          
          
          <TextLine ID="line_41"
                    TAGREFS="LT672"
                    BASELINE="2873 286 2931 282" 
                    HPOS="2864"
                    VPOS="210"
                    WIDTH="67"
                    HEIGHT="96">
            <Shape><Polygon POINTS="2873 286 2864 228 2920 210 2931 282 2931 304 2873 306"/></Shape>
	    <String CONTENT="52"
                    HPOS="2864"
                    VPOS="210"
                    WIDTH="67"
                    HEIGHT="96"></String>
          </TextLine>

          
        </TextBlock>
        

        
      </PrintSpace>
    </Page>
  </Layout>
</alto>
