3122 2639
440 327 921 115 Nemo adeo ut noceat barbarus esse uolet :

387 409 1117 134 L una ministrat iter : demonstrant astra salebras,

453 510 939 127 Ipse amor accensas percutit ante faces :

415 604 995 110 S eua canum rabies morsus auertit yantis

459 694 975 115 Huic generi quo uis tpr̃e tuta uia est :

409 776 1104 130 S anguine tam paruo ꝙs enim spargatur amãtis

453 881 970 113 Improbus: exclusis fit comes ip̃a uenus:

411 965 1104 121 Q uod si certa meos sequerentur funera casus

475 1057 950 97 Talis mors pretio uel sit emenda mihi

418 1130 1095 141 A d feret huc unguenta mihi sertis q sepulchrũ

481 1233 927 97 Ornabit custos ad mea busta sedens:

409 1312 1104 128 D ii furiant mea nec terra loret ossa saequãti

481 1407 955 114 Q ua facit assiduo tramite uulgus iter:

442 1488 1069 132 P ost mortem tumuli sic infamant᷑ amantum

506 1587 930 112 Me tegat ãborea deuia terra roma .

448 1673 1028 125 A ut humer ignote tumulus uallatus arene

492 1770 1023 97 Non iuuat in media nomen habere uia:

1740 316 763 99 Curarum q tuo fit medicina mero :

1691 398 968 116 P er te iunguntur perte solunntur amantes

1757 481 920 103 Tu uicium ex animo dilue bache meo :

1735 565 999 132 T e qͦ non esse rudem testatur in astris

1755 664 942 112 Lincibus ad celum vecta ariadna tuis :

1698 747 1093 123 H oc mihi quod ueteres custodit in ossibꝯ ignes

1757 844 1001 112 Funera sanabunt aut tua uina malum :

1709 921 1151 132 S emper enim uacuos nox sobria torquet amãtes

1773 1018 1018 129 Spes q timorq animũ versat utroq modo :

1709 1108 1122 127 Q uod si bache tuis per feruida tempora donis

1762 1200 891 123 Accersitus erit somnus in ossa mea :

1713 1290 1045 130 I pᷤe seram uites pangam q ex ordine colles

1766 1378 1045 117 Q uos carpant nulle me uigilante fere :

1713 1462 1186 127 D um modo purpureo numerum mihi dolia musto

1766 1557 1028 123 & noua pressantis inquinet uua pede

1720 1655 1159 121 Q uod super est uite per te & tua cornua uiua

1762 1743 895 119 U irtutis q tue bache poeta ferar :

1694 1834 1056 112 D icam ego maternos ethneo flulmĩe partus

1764 1915 823 123 Indica nyseis arma fugata choris

1713 2003 1158 134 U esanumq noua nequiquam in uite licurgum

1779 2100 900 156 pentheos in triplicis funera rapta greges

411 1930 1041 124 N unc o beche tuis humiles aduoluimur aris

468 2027 970 108 Da mihi pacato uela secunda pater :

457 2109 1063 204 T u potes in sane ueneris compescere fastus

2774 105 99 145 69
