4030 5926
1804 289 2117 191 Quod nõ sit multitudo eorũ in trini

1942 401 1985 231 tate, uel quod nõ sit trinitas aliquod

1939 579 876 161 totũ ⁊ contra

380 671 3467 311 Ex libro sententiarũ ꝓspꝑi, cap̃. ccxxuiii : In trinitate diuina

414 869 3533 270 tanta est substantiae unitas ut aequalitatẽ teneat pluralitatem

424 1004 3553 303 nõ recipiat : In hac qͦq trinitate cũ d̾m̃s ꝑsonã pr̃is nõ aliud

408 1172 3559 293 dicimꝰ quã sũbãm patris, quia ꝑsona patris nõ aliud ẽ quã

424 1310 3556 313 ip̃e pater : Ad se quippe dicitur ꝑsona, nõ ad filiũ uel ad sp̃m̃

421 1461 3562 300 sñc̃m̃ deus et similia : hoc enĩ nomen solũ est quod cũ dicatur

390 1619 3595 331 de singulis ad se, pluraliter nõ singulariter accipitur in sũma

421 1837 3582 312 dicimꝰ nãq pater ẽ ꝑsona et filius ꝑsona, et sp̃us sanctꝰ ꝑsona

441 1988 3483 356 pater tamẽ et filius, et sp̃us sanctus nõ sunt una ꝑsona sed

431 2143 3533 345 cũ dicimꝰ tres ꝑsonas unã ẽẽpᷠtiã neq ut genus de speciebus

437 2321 3543 322 neq ut speciẽ de indiuiduis p̾dicamꝯ : uidetur posse dici ut tres

441 2482 3509 329 hoĩes una natura, sed plus sunt duo hoĩes quã unꝰ sed nõ

451 2627 3532 345 est maior ẽẽntia pater et filius quã solus pater, aut solus filius

454 2758 3513 405 Itẽ  nõ tantũ est unus homo quantũ tres hõĩes simul et plus

447 2959 3510 333 aliquid sunt duo hõĩes quã unꝰ homo At in d̾o nõ ẽẽ ita : nõ

444 3157 3510 303 enim maior ẽẽntia ẽ pater et filius simul quã solus pater

444 3321 3427 307 aut solus filius, s tres simul ꝑsonae equales sunt singuli :

444 3516 3452 301 Ex ep̃ła sc̃t̃orũ augustini, et alypii ad maximũ medicum

454 3687 3500 280 thenitanũ : haec trinitas unius eiusdemq naturae ẜ atq sũb̾ãe

447 3878 3507 250 nõ minor in singulis quã in oĩbꝰ nec maior in oĩbꝰ quã

451 4032 3470 284 in singulis : sed in solo patre, uel in solo filio tanta est

447 4250 3500 220 quanta in patre simul et filio, et tanta in sp̃u sancto

454 4408 3529 234 quanta simul in patre et filio : August sup Ihoann ͤ tracta

464 4528 3551 296 tu xxxuii : tres ꝑsonae sed nõ tres dii : est ibi aliquid ineffa

459 4711 3526 296 bile quod uerbis explicari nõ possit : ut et numerus sit

460 4905 3428 253 et numerus nõ sit, s tres : quid tres : deficit numerus

454 5125 3473 188 ita deus nec recedit a numero, nec capitur numero quia

3443 5300 498 198 tres sunt

3679 103 123 193 29
