4078 5942
709 640 3193 271 tres sunt tamq̃ inest numerus : Sed quaeris : quid tres : nõ

729 831 3299 245 est numerus : uñ dictũ ẽ : magnus dñs noster et mag ¬

733 993 3278 235 na uirtus eius, et sapientiae eius non est numerus : ubi

733 1185 3173 188 cogitare coeperis : incipis numerare : ubi numerabis

709 1303 3207 255 quid numeraueris nõ potes respondere : quid sñt isti

723 1449 3222 280 tres : pater, et filius, et sp̃us sanctꝰ : nõ tres dii non

726 1610 3196 268 tres oĩpotentes, nõ tres creatores . hoc solũ numerũ

729 1766 3276 277 insinuat quod adinuicẽ sunt, nõ quod ad se sunt : pater

736 1898 3133 333 ad se ẽ deus : ad se ẽ oĩpotens : nõ ad se ẽ pat̾ sed

719 2049 3200 341 ad filiũ : nõ ẽ quid dicamꝰ tres, nisi patrẽ et filiũ

716 2201 3279 350 et sp̃m sanctũ : Boetius de trinitate loquens de sim ¬

719 2403 3157 303 plicitate diuinae sũbãe . quod nõ ẽ inquit hoc atq hoc

733 2531 3275 377 sed tantũ hoc ẽ : illud uere ẽ id quod ẽ: ⁊ hoc fortissimũ

716 2739 3279 327 quod nullo nititur : quocirca hoc ẽ uere unũ in quo nullꝰ

726 2928 3272 260 numerus : nullum in eo aliud praeter id quod est : neque enim

726 3079 3305 274 fieri subiectũ potest forma enim ẽ formae uero subiec ¬

733 3241 3285 271 te ẽẽ nõ possunt. Itẽ : et nulla igitur in eo diuersitas :

723 3383 3302 297 nulla ex diuersitate pluralitas, nulla ex accidentibꝰ multi ¬

709 3545 3213 307 tudo atq idcͥco nec numerus : It̾: Ubi uͦ nulla est

709 3753 3302 257 differentia, nulla ẽ oĩo pluralitas : quare nec numerꝯ

729 3888 3243 284 Igitur unitas tantũ . Itẽ . numerus enim duplex est,

660 4050 3378 327 unus quidẽ quo numeramꝰ alter uͦ qui in numerabili ¬

716 4232 3319 293 bus rebus constat : It̃ gͦ, in mucro qͦ numeramꝰ repi

708 4367 3300 322 titio unitatũ facit pluralitatẽ : In rerũ uͦ numero nõ

713 4530 3310 322 facit pluralitatẽ unitatũ repetitio : uelud si de eodẽ

716 4707 3302 304 dicam, gladius unꝰ, numero unꝰ, ensis unus, repetitio qͣdã

726 4862 3302 324 est eiusdem̃ nõ numeratio diu̾sorũ . uelut si dicã sol, sol, sol

723 5047 3236 333 nõ gͥ si de patre et filio, et spũ st tertio p̾dicatur deus :

3513 5252 403 208 idcirco
