4014 5927
428 463 3533 244 idcirco tͥna p̾dicatio numerũ facit : Itẽ  nõ uero ita dicitur pater

428 681 3526 211 et filius et sp̃ũs sanctus quasi multiuocũ quoddam : nã mucro et

424 831 3468 219 ensis et ipse ẽ et idem : pater uero ac filius, et sp̃ũs sanctus

420 953 3534 296 idem equidẽ est : nõ uero ip̃e. In qua re paulisꝑ considerãdũ ẽ

405 1124 3549 242 Requirentibꝰ enĩ ipse ẽ pater, qui filius minime inquiũt rursus

421 1343 3448 165 idem alter, qui alter : negatur nõ ẽ igit᷑ inter eos in re omni

414 1461 3474 221 indifferentia : quare subintrat numerus quẽ ex subiectorũ

411 1603 3408 240 diu̾sitate cõfici suꝑius explanatũ est. Itẽ de forma eius

421 1774 3454 234 suꝑius demonstratũ ẽ : quod is sit forma et unum uere nec

418 1913 3490 260 ulla pluralitas : Itẽ quae secundũ rei alicuius in eo quod

424 2077 3537 254 ipsa est propͥetatẽ nõ faciũt p̾dicationẽ nihil altera ¬

428 2248 3523 251 re uel mutare queunt : nullamq oĩo uariare ẽẽntiã quo ¬

421 2350 3530 323 circa si pater ac filius ad aliquid dicuntur nihilq aliud

237 2546 3701 282 ut q̵u̵o̵d̵ dictũ ẽ differt nisi sola r^ͤlatione : relatio uero nõ

425 2721 3539 247 praedicatur ad id de quo p̾dicatur quasi ipsa sit sed secundũ

437 2900 3521 221 rẽ de qua dicitur : nõ faciet alteritatẽ rei de qua dicit ᷑

454 3042 3497 267 sed si dici potest quoqͦ quidẽ mͦ id quod uix intelligi po ¬

434 3190 3491 277 tuit interpretatũ ẽ personarũ :Itẽ  pater deus, et filius

425 3324 3455 316 deus et sp̃ũs sanctus deus : Deus uero nullas habet

421 3493 3490 323 differentias quibꝰ differat a deo, a nullo eorũ differt :

425 3635 3475 341 Differentiae uero ubi absunt, abest pluralitas, adẽ unitas

428 3803 3493 359 Sed qmͣ nulla relatio ad seipsũ referri potest, facta est

447 3951 3458 352 trinitatis numerositas, in eo quod ẽ p̾dicatio relationis

437 4109 3517 408 seruata uͦ unitas in eo quod ẽ indifferentia uel substãtiae

447 4326 3310 339 uel oꝑationis, uel oĩo eius, quae secundũ se dicitur

444 4488 3369 355 p̾dicationis : Ita gͥ sũbã continet unitatẽ relatio

441 4679 3500 329 multiplicat trinitatẽ nam idẽ pater qui filius nõ est ¬

444 4874 3477 358 nec idẽ ut̃q qui sp̃ũs sanctus Idẽ tamẽ deus ẽ pater

3266 5146 550 250 et filius

3588 162 203 154 31
