4070 5942
690 340 3069 389 et filius et sp̃ũs sanctus idem iustus : idem bonus

683 481 3218 389 idem magnꝰ, idem oĩa quae secundũ ẽẽ poterũt p̾di ¬

673 670 3254 333 cari : sane sciendũ est non semꝑ talem ẽẽ p̾dicatiuam

664 782 3363 373 relationẽ ut semꝑ ad differens p̾dicetur : Nã aequale

599 921 3371 420 equali equale est : et simile simili simile ẽ : et idem

664 1069 3202 396 ei quod ẽ idem idem est : et similis est relatio in

669 1198 3267 475 trinitate, patris, ad filiũ, et utriusq ad sp̃ũ sanctũ

644 1327 3401 470 eius ꝙᵈ ẽ idem ad id quod ẽ idem quod si id in cunctis

660 1492 3386 458 aliis rebꝰ nõ potest inueniri hoc facit cognata cadu ¬

673 1657 3314 435 cis rebus alteritas : Athansius de trinitate lib̾ ui cap ii

621 1775 3392 506 maledictus qui secundũ tres ꝑsonas tres diu̾sas sub ¬

664 1906 3376 540 stantias in his confitetur : fiat, fiat : Itẽ Maledictus

654 2064 3183 525 qui propter tria nõĩa ꝑsonarũ tres deos aut tres

673 2251 3344 495 substantias, aut tres sp̃ũs confitetur fiat, fiat : iherũ

703 2396 3272 520 in epła de explanatione fidei ad damasũ papam

654 2594 3207 476 confundentes arriũ unã eandẽq dicimꝰ trinitatis

673 2736 3251 482 substantiam : Itẽ impietatẽ sabellii declinantes tres

654 2967 3191 433 personas expressas sub ꝓpͥatate distinguimꝰ : itẽ nõ

659 3074 3301 486 enĩ nõĩa tantũmͦ, sed etiam nõiũ ꝓpͥetates id ẽ ꝑsonas

657 3301 3310 383 uelut greci expͥunt ᷑ ypostasis possit a̵r̵b̵i̵t̵r̵u̵i̵t̵u̵r̵ ̵i̵n̵t̵e̵l̵l̵i̵g̵i̵

654 3462 3247 390 hoc est subsistentias cõfitemur : Itaq substantia unũ sũt

657 3667 3303 347 ꝑsonis ac noĩbꝰ distinguuntur : Idẽ ad eundẽ de nouo noĩe

644 3779 3307 403 triũ ypostaseos : Interrogamꝰ quid ypostasis posse arbi ¬

640 3928 3380 373 trentur intelligi : Tres ꝑsonas subsistentes aiunt : respon

619 4114 3322 357 demꝰ nos ita credere nõ sufficit sensus : Ipsũ nom̃

644 4248 3300 396 efflagitant quia nescio quid ueneni in sillabis latet: si

679 4426 3232 357 quis autẽ ypostasim usiam intelligens nõ in tribus

644 4581 3323 347 ꝑsonis unã ypostasin n̵i̵ẜi̵ ̵u̵ẜi̵a̵m̵ ̵n̵o̵u̵i̵t̵ dicit : alienus

640 4700 3344 387 a xp̃o est : itẽ: tota scolariũ litterarũ scola nihil aliud

629 4867 3416 406 ypostasyn nisi usiã nouit : et quis unquã rogo ore sacri

624 5060 3426 442 lego tres substantis p̾dicabit : una ẽ dei sola natura
