4006 5942
432 458 3276 251 quisquis tria ẽẽ hoc ẽ tres ypostasis dicit tres naturas

430 604 3536 257 conatur asserere. Et si ita est cur ab arrio parietibꝰ separam᷑

406 737 3505 283 ꝑfidia cõpulati : sufficit nobis dicere, unã substantiam tres

426 891 3474 337 personas ꝑfectas coequales coeternas : nõ bonae suspiciõis

460 1020 3362 356 est, cũ in eodẽ sensu uerba dissentiũt: Aut si rectum

420 1119 3501 465 putatis tres ypostasis cũ interp̾tationibꝰ suis debere nos

422 1294 3521 412 dicere nõ negamꝰ : s mihi credite uenenũ submelle latet

439 1488 3514 413 transfigurat se ang̃łs Sathanae in ang̃łm lucis : hilariꝰ

452 1709 3501 350 suꝑ psalmũ cxxix : quisquis ita uolet credere ut corporalis

430 1876 3491 377 d̾us sit, quia ad imaginẽ eius factus ẽ homo cõpositum

422 2066 3491 327 d̾m statuet ẽẽ : quicquid autẽ cõpositũ ẽ, necesse ẽ non

435 2290 3481 288 fuerit eternũ quia cõpositio habet initiũ quo cõꝑatorum

432 2472 3491 225 maneat : Gennadius de orthodoxa fide : Omousion ergo

429 2624 3507 238 id ẽ cõeentiał in diuinitate patri filius : omousion patri et

416 2769 3510 264 filio sp̃s sanctꝰ : ysidorus ethymologiarũ lib̾ ui cap iiii : tri ¬

432 2918 3481 270 nitas appellata ẽ quod fiat totũ onũ ex quibusdã tribꝰ

410 3079 3432 298 quasi trinitas: Itẽ in ho hac trinitate alia appellatiua

396 3233 3506 307 nõĩa alia propria sunt propͥa sunt ẽẽntialia , ut deus

442 3466 3474 224 ⁊ dñs oĩpotens, ĩmutabilis ĩmortalis : Et ind ꝓpͥa qͥa

396 3637 3514 205 ipsã substantiã significant unũ sunt : appellatiua

396 3778 3520 272 uͦ , pater, ⁊ filius et sp̃ũs sanctꝰ, et ꝓcedens : Eadem

435 3984 3422 218 et relatiua : Aug in lib̾ .i. de doctrina xp̃istiana: res alie

442 4152 3352 241 sunt quibꝰ fruendũ ẽ aliae quibꝰ utendũ Ille quibus

442 4317 3481 238 fruendũ est nos beatos faciunt, istis quibus utendũ est

442 4482 3382 248 tendentes ad beatitudinẽ iuuamur : frui ẽ inherere

426 4641 3474 254 amore alicui rei ꝓꝑ se ipsam : uti autem quod in usũ

391 4852 3520 183 uenerit ad id quod amas optinendũ si tamẽ amandũ ẽ

416 5017 3510 248 nam usus illicitus abusus potius uel abusio nõĩanda est

3698 128 169 193 33
