2000 2950
575 543 827 93 Arminis incompti lusus lecture procaces

568 614 713 86 Conueniens latio pone supercilium .

573 676 885 115 Nnon soror hoc habitat phebi | non uesta sacello

410 759 802 101 Nec que de patrio uertice nata dea est

369 828 895 106 S ed ruber ortorum custos membrosior ȩquo

418 902 861 101 Qui tectum nullis uestibus inguen hab&

369 980 927 111 A ut igitur tunicam parti pretende tegende

418 1049 777 111 Aut quibus hec oculis aspicis ista lege

624 1118 288 98 VIRGILIVS

378 1197 682 98 L udens hec ego teste te priape

376 1280 706 81 O rto carmina digna non libello

378 1342 684 88 S cripsi non nimium laboriose.

381 1416 694 93 N ec musas tamen ut solent poetȩ

376 1489 748 86 A d non uirgineum locum uocaui :

381 1543 708 113 N am sensus mihi corq defuiss&

378 1634 704 89 C astas pierium chorum sorores

376 1701 740 98 A uso ducere mentulam ad priapi .

376 1774 667 106 E rgo quidquid id est | quod otiosus

381 1856 681 91 T empli parietibus tuis notaui

391 1919 767 101 I n partem accipias bonam rogamus .

661 1983 244 89 PRIAPVS

383 2060 950 110 O bscure poteram tibi dicere  da mihi : qđ tu

428 2138 843 96 Des licet assidue : nil tamen inde perit

393 2205 1055 110 D a mihi quod cupies frustra dare forsitan olim

437 2288 842 106 Dum ten& obsessas inuida barba genas
