2000 2959
705 364 232 74 PRIAPUS

355 438 705 111 H uc huc quisquis es in dei salacis

362 517 715 99 D iuerti graue ne puta sacellum

357 599 666 86 E t si nocte fuit puella tecum

357 658 733 106 H ac re quod metuas adire non est

362 734 661 106 I stud celitibus datur seueris

367 813 725 104 N os uapeȩ sumus et pusilla culti

367 895 663 96 S amus sb́ ioue coleis aperis

367 956 695 104 E rgo cuilib& huc licebit intret

374 1028 683 111 N igra fornicis oblitus fauilla

648 1097 264 111 PRIAPUS

362 1173 777 128 C ommisso mihi non satis modestas

367 1264 742 94 Q uicumq attulerit manus agello

369 1321 716 106 I s me sentiet ẽẽ non spadonem

367 1390 649 99 H uc inter frutices loco remoto

364 1464 713 101 D icat forsitan hoc sibi esse nemo

367 1533 710 104 P recisum sciat esse me : s errat

357 1617 720 106 M agnis testibus ista res agetur

621 1681 301 79 UIRGILIUS

369 1758 997 111 Q ualibus yppomenes rapuit ceneida pomis

409 1827 915 108 Qualibus yppomenes nobilis ortus erat

369 1903 1044 114 Q ualia credibile est spatiantem rure paterno

419 1975 757 103 Nausicam pleno sȩpe tulisse uiro

362 2054 1065 108 Q uale fuit malum quod littera pinxit achonti

416 2140 836 98 Qua lecta ẽ cupido pacta puella uiro

369 2204 868 104 T alia cumq dominus florentis agelli

414 2275 717 119 I nposuit mensȩ nude pĩape tuȩ
