<?xml version="1.0" encoding="UTF-8"?>
<alto xmlns:xsi="http://www.w3.org/2001/XMLSchema-instance"
      xmlns="http://www.loc.gov/standards/alto/ns-v4#"
      xsi:schemaLocation="http://www.loc.gov/standards/alto/ns-v4# http://www.loc.gov/standards/alto/v4/alto-4-2.xsd">
  <Description>
    <MeasurementUnit>pixel</MeasurementUnit>
    <sourceImageInformation>
      <fileName>Plut._53.09_0395.jpg</fileName>
      
    </sourceImageInformation>
  </Description>
  
  <Tags>
    <OtherTag ID="BT4243" LABEL="MarginTextZone" DESCRIPTION="block type MarginTextZone"/><OtherTag ID="BT4242" LABEL="MainZone" DESCRIPTION="block type MainZone"/>
    <OtherTag ID="LT1399" LABEL="DefaultLine" DESCRIPTION="line type DefaultLine"/>
  </Tags>
  
  <Layout>
    <Page WIDTH="2000"
          HEIGHT="2719"
          PHYSICAL_IMG_NR="1"
          ID="eSc_dummypage_">
      <PrintSpace HPOS="0"
                  VPOS="0"
                  WIDTH="2000"
                  HEIGHT="2719">
        
        <TextBlock HPOS="217"
                   VPOS="381"
                   WIDTH="1215"
                   HEIGHT="1761"
                   ID="eSc_textblock_026f5474"
                   TAGREFS="BT4242">
          <Shape><Polygon POINTS="217 381 217 2142 1432 2142 1432 381"/></Shape>
          
          
          <TextLine ID="eSc_line_2594ee87"
                    TAGREFS="LT1399"
                    BASELINE="287 422 814 412 1395 416" 
                    HPOS="285"
                    VPOS="374"
                    WIDTH="1110"
                    HEIGHT="74">
            <Shape><Polygon POINTS="1373 388 1358 380 1354 379 746 374 738 376 723 376 708 376 693 376 678 376 663 377 651 377 608 383 599 383 569 383 489 380 481 382 466 382 451 382 436 382 421 382 406 383 391 383 376 383 361 383 345 385 330 385 315 385 300 385 285 391 287 422 287 448 422 447 424 447 425 447 441 435 548 444 580 447 581 447 583 447 593 444 622 435 681 442 711 445 712 445 714 445 726 441 747 435 901 435 915 438 936 444 938 444 939 444 941 444 956 438 968 432 1107 432 1116 435 1143 444 1145 444 1146 445 1199 445 1199 444 1200 444 1202 444 1217 435 1280 442 1282 442 1394 428 1395 416 1382 391 1373 388"/></Shape>
	    <String CONTENT="rrogationem fecit ne exalio repeteret Sic Virgilius fanso aliquid si forte tuas"
                    HPOS="285"
                    VPOS="374"
                    WIDTH="1110"
                    HEIGHT="74"></String>
          </TextLine>

          
          
          <TextLine ID="eSc_line_c5385eff"
                    TAGREFS="LT1399"
                    BASELINE="287 475 830 465 1389 466" 
                    HPOS="285"
                    VPOS="428"
                    WIDTH="1104"
                    HEIGHT="75">
            <Shape><Polygon POINTS="287 475 287 503 444 501 445 501 475 489 564 489 605 499 607 499 608 499 617 499 848 486 927 486 948 496 950 496 951 496 953 496 962 496 1013 489 1128 493 1161 495 1163 495 1164 495 1166 495 1167 493 1176 484 1223 483 1386 490 1389 466 1388 438 1351 428 1350 428 1348 428 1347 428 1315 438 1228 432 1226 432 1225 432 1223 432 1212 439 1087 430 1086 430 1031 441 975 432 974 432 972 432 944 441 916 432 915 432 913 432 794 433 793 433 770 442 663 433 661 433 660 433 658 433 646 442 501 435 500 435 453 447 285 447 287 475"/></Shape>
	    <String CONTENT="peruenit adaures.b.n.p.p.f.g.&amp; nostin hanc quam amat frater ineunucho"
                    HPOS="285"
                    VPOS="428"
                    WIDTH="1104"
                    HEIGHT="75"></String>
          </TextLine>

          
          
          <TextLine ID="eSc_line_667ba418"
                    TAGREFS="LT1399"
                    BASELINE="244 537 873 527 1403 528" 
                    HPOS="244"
                    VPOS="487"
                    WIDTH="1159"
                    HEIGHT="76">
            <Shape><Polygon POINTS="244 522 244 537 244 552 264 563 265 563 267 563 348 552 404 563 406 563 501 551 509 551 570 551 572 551 586 561 587 561 589 561 590 561 649 560 651 560 669 551 673 549 697 551 777 558 779 558 780 558 799 551 808 548 879 551 935 554 936 554 956 551 990 546 1000 551 1006 554 1007 554 1009 554 1025 551 1054 546 1064 551 1077 557 1078 557 1080 557 1081 557 1104 551 1114 549 1163 551 1241 555 1243 555 1244 555 1246 555 1250 551 1259 545 1312 545 1401 551 1403 528 1401 495 1199 489 1197 489 1099 496 1093 496 1090 496 1057 489 1055 489 1019 496 956 487 954 487 906 498 904 498 903 498 883 489 882 489 793 489 791 489 790 489 788 489 776 498 638 490 637 490 572 492 570 492 569 492 557 501 555 501 551 501 480 492 478 492 477 492 459 499 444 492 442 492 441 492 386 503 382 503 379 503 347 493 345 493 344 493 342 493 341 493 326 503 324 504 247 504 244 522"/></Shape>
	    <String CONTENT="Quid ni quid eius gnatum phedriam non dixit quid phedriam sed"
                    HPOS="244"
                    VPOS="487"
                    WIDTH="1159"
                    HEIGHT="76"></String>
          </TextLine>

          
          
          <TextLine ID="eSc_line_bd33b990"
                    TAGREFS="LT1399"
                    BASELINE="285 592 1400 584" 
                    HPOS="283"
                    VPOS="546"
                    WIDTH="1117"
                    HEIGHT="70">
            <Shape><Polygon POINTS="285 592 285 611 465 605 486 611 504 616 506 616 507 616 509 616 519 611 533 604 560 611 569 613 570 613 572 613 574 613 575 613 578 610 590 604 638 604 690 610 728 614 729 614 759 610 803 602 859 608 895 613 897 613 918 608 954 601 1009 608 1036 611 1037 611 1069 608 1116 602 1134 607 1148 611 1149 611 1151 611 1190 607 1237 602 1397 605 1400 584 1397 546 1262 546 1261 546 1259 546 1255 548 1237 557 1190 549 1178 548 1176 548 1175 548 1169 549 1140 558 1099 551 1096 551 1095 551 1093 551 1092 551 1070 558 927 554 864 552 862 552 861 552 859 552 856 555 848 560 806 555 734 549 732 549 658 552 657 552 655 552 648 558 645 563 506 563 500 561 469 552 468 552 466 552 465 552 427 563 424 563 419 563 330 552 329 552 327 552 283 564 285 592"/></Shape>
	    <String CONTENT="addidit eius gnatum ut magis docere quam interrogare uideretur.Quid"
                    HPOS="283"
                    VPOS="546"
                    WIDTH="1117"
                    HEIGHT="70"></String>
          </TextLine>

          
          
          <TextLine ID="eSc_line_6447a142"
                    TAGREFS="LT1399"
                    BASELINE="283 646 1395 640" 
                    HPOS="282"
                    VPOS="602"
                    WIDTH="1113"
                    HEIGHT="71">
            <Shape><Polygon POINTS="283 646 283 672 422 673 424 673 425 673 430 672 441 666 481 672 501 673 503 673 504 673 510 670 528 664 548 670 557 673 558 673 560 673 590 672 592 672 593 672 595 670 610 658 874 658 903 667 904 667 906 667 907 667 933 660 956 667 963 670 965 670 966 670 968 670 975 667 998 660 1019 667 1027 670 1028 670 1030 670 1066 667 1163 658 1392 664 1395 640 1391 602 1344 613 1250 604 1226 602 1225 602 1223 602 1217 605 1200 611 1178 605 1172 604 1170 604 1169 604 1157 605 1110 616 959 616 948 608 945 607 944 607 942 607 941 607 901 610 827 616 793 611 744 605 569 605 567 605 566 605 534 616 528 617 498 616 321 607 320 607 318 607 282 619 283 646"/></Shape>
	    <String CONTENT="eius gnatum phedriam deest nosti tanquamte ouarietas illud quid"
                    HPOS="282"
                    VPOS="602"
                    WIDTH="1113"
                    HEIGHT="71"></String>
          </TextLine>

          
          
          <TextLine ID="eSc_line_e85d6cfc"
                    TAGREFS="LT1399"
                    BASELINE="282 706 1403 702" 
                    HPOS="280"
                    VPOS="663"
                    WIDTH="1123"
                    HEIGHT="69">
            <Shape><Polygon POINTS="282 706 282 732 367 722 395 731 397 731 398 731 400 731 525 723 542 729 546 731 548 731 549 731 570 729 660 720 838 720 868 725 894 729 895 729 897 729 898 729 906 725 913 720 953 723 992 728 993 728 1040 723 1080 719 1090 722 1105 728 1107 728 1108 729 1108 728 1110 728 1126 722 1134 719 1138 722 1148 728 1149 728 1151 728 1152 728 1154 728 1176 720 1181 720 1188 720 1240 728 1241 728 1401 717 1403 702 1400 672 1361 663 1359 663 1358 663 1356 663 1347 672 1345 673 1176 673 1146 673 1134 663 1132 663 1131 663 1089 663 1087 663 1028 673 1027 673 1025 673 1001 664 1000 664 998 664 867 673 774 664 773 664 729 673 679 664 678 664 676 664 646 675 575 667 574 667 362 675 350 666 348 666 347 666 300 666 299 666 297 666 296 666 280 673 282 706"/></Shape>
	    <String CONTENT="nichil tanquam te Euenit ambobus senibus similiter iter non euei̾t"
                    HPOS="280"
                    VPOS="663"
                    WIDTH="1123"
                    HEIGHT="69"></String>
          </TextLine>

          
          
          <TextLine ID="eSc_line_ef8341bc"
                    TAGREFS="LT1399"
                    BASELINE="283 767 1398 759" 
                    HPOS="283"
                    VPOS="722"
                    WIDTH="1115"
                    HEIGHT="64">
            <Shape><Polygon POINTS="283 779 503 786 504 786 570 779 580 779 1398 779 1398 759 1395 732 1320 722 1318 722 1208 731 1203 731 1197 731 1030 723 1028 723 981 731 978 731 975 731 953 723 951 723 950 723 894 731 865 734 824 731 761 725 759 725 758 725 743 731 728 735 712 731 702 726 700 726 699 726 628 729 504 737 480 729 474 728 472 728 471 728 469 728 463 729 444 737 397 729 392 729 391 729 389 729 388 729 379 738 300 738 283 729 283 767 283 779"/></Shape>
	    <String CONTENT="iter s euenit it iter esset Simul unotempore illi lemnum ut"
                    HPOS="283"
                    VPOS="722"
                    WIDTH="1115"
                    HEIGHT="64"></String>
          </TextLine>

          
          
          <TextLine ID="eSc_line_b6774adf"
                    TAGREFS="LT1399"
                    BASELINE="283 815 1389 811" 
                    HPOS="282"
                    VPOS="774"
                    WIDTH="1107"
                    HEIGHT="65">
            <Shape><Polygon POINTS="283 815 283 830 643 839 645 839 679 833 705 829 716 833 723 836 725 836 726 836 753 833 797 829 808 833 812 836 814 836 815 838 815 836 817 836 821 833 833 827 1039 827 1069 835 1070 835 1072 835 1078 835 1311 829 1386 836 1389 811 1385 780 1309 785 1302 780 1296 776 1294 776 1293 776 1291 776 1267 780 1249 785 1244 780 1235 774 1234 774 1232 774 1113 774 1111 774 1110 774 1108 774 1099 782 1095 786 986 786 975 783 950 776 948 776 947 776 862 785 841 786 827 785 765 776 764 776 762 776 741 786 740 786 725 776 723 776 722 776 720 776 719 776 717 776 703 786 699 786 652 779 651 779 649 779 629 786 626 790 507 790 506 788 490 777 489 777 487 777 385 777 383 777 282 790 283 815"/></Shape>
	    <String CONTENT="iret recte taceret Cur chremes ierit &amp; dicitur cur demipho utrũq"
                    HPOS="282"
                    VPOS="774"
                    WIDTH="1107"
                    HEIGHT="65"></String>
          </TextLine>

          
          
          <TextLine ID="eSc_line_b0dc3b63"
                    TAGREFS="LT1399"
                    BASELINE="280 874 827 865 1397 870" 
                    HPOS="279"
                    VPOS="829"
                    WIDTH="1118"
                    HEIGHT="71">
            <Shape><Polygon POINTS="280 874 282 900 318 886 371 898 373 900 419 900 419 898 421 898 456 886 498 898 500 898 501 898 506 898 599 886 654 895 655 895 657 895 697 885 729 897 731 897 732 897 734 897 735 897 737 897 771 885 806 892 808 892 870 885 929 895 941 897 942 897 959 895 1025 885 1164 886 1178 894 1182 895 1184 895 1185 897 1234 897 1234 895 1235 895 1237 895 1240 892 1249 886 1288 892 1309 895 1311 895 1312 895 1320 892 1333 886 1394 891 1397 870 1394 835 1258 841 1243 835 1226 829 1225 829 1223 829 1222 829 1202 836 1193 839 1182 836 1163 829 1161 829 1160 829 1158 829 1157 829 1146 836 1141 839 1128 836 1090 829 1089 829 1087 829 1061 838 1049 841 1039 838 1019 830 1018 830 1016 830 1015 830 995 838 983 842 962 838 922 830 921 830 868 839 854 841 851 839 833 830 832 830 830 830 752 839 737 830 735 830 734 830 673 830 672 830 592 832 590 832 589 832 577 842 572 844 543 842 447 835 445 835 404 844 398 845 279 845 280 874"/></Shape>
	    <String CONTENT="pro argumento est.Ad hospitem antiquum Sic Virgilius ueterẽ"
                    HPOS="279"
                    VPOS="829"
                    WIDTH="1118"
                    HEIGHT="71"></String>
          </TextLine>

          
          
          <TextLine ID="eSc_line_6db2ebf8"
                    TAGREFS="LT1399"
                    BASELINE="282 928 935 924 1412 932" 
                    HPOS="282"
                    VPOS="888"
                    WIDTH="1130"
                    HEIGHT="59">
            <Shape><Polygon POINTS="282 928 282 947 1410 947 1412 932 1410 900 1347 888 1345 888 1344 888 1302 898 1069 888 1067 888 1006 898 984 888 983 888 939 888 938 888 936 888 915 895 862 889 861 889 859 889 858 889 844 898 820 891 818 891 817 891 755 898 738 888 737 888 735 888 646 888 645 888 643 888 641 888 625 898 587 889 586 889 584 889 583 889 581 889 564 900 385 900 351 891 350 891 348 891 282 898 282 928"/></Shape>
	    <String CONTENT="anchisem agnouit amicum hoc autem addidit ut esset ydonea causa na¬"
                    HPOS="282"
                    VPOS="888"
                    WIDTH="1130"
                    HEIGHT="59"></String>
          </TextLine>

          
          
          <TextLine ID="eSc_line_e9613e43"
                    TAGREFS="LT1399"
                    BASELINE="282 990 566 984 1404 986" 
                    HPOS="280"
                    VPOS="948"
                    WIDTH="1124"
                    HEIGHT="64">
            <Shape><Polygon POINTS="282 990 282 1004 373 1010 374 1010 418 1004 441 1001 453 1004 477 1010 478 1010 480 1010 481 1010 483 1010 492 1004 501 999 575 999 584 1003 598 1009 599 1009 601 1009 602 1009 614 1003 622 999 632 1003 654 1010 655 1010 657 1012 740 1012 740 1010 741 1010 762 1003 771 999 794 1003 856 1010 858 1010 859 1010 888 1001 892 1001 895 1001 921 1009 922 1009 924 1009 1070 1001 1098 999 1108 1001 1179 1010 1181 1010 1241 999 1246 999 1249 999 1321 1010 1323 1010 1403 998 1404 986 1398 950 1383 959 1370 950 1365 948 1364 948 1362 948 1361 948 1359 948 1356 950 1342 959 1288 951 1267 948 1265 948 1216 951 1140 957 1125 953 1113 948 1111 948 1110 948 1108 948 1107 948 1101 953 1090 960 1034 960 1019 954 1006 948 1004 948 1003 948 1001 948 1000 948 993 954 986 960 947 960 927 954 898 948 780 948 779 948 777 948 753 956 744 960 643 960 640 957 626 951 625 951 623 951 622 951 604 957 599 959 592 957 533 948 531 948 419 957 404 948 403 948 401 948 400 948 398 948 367 960 280 960 282 990"/></Shape>
	    <String CONTENT="uigandi seni Senem per epistolas prolexit induxit Sic Virgilius prole¬"
                    HPOS="280"
                    VPOS="948"
                    WIDTH="1124"
                    HEIGHT="64"></String>
          </TextLine>

          
          
          <TextLine ID="eSc_line_de55c507"
                    TAGREFS="LT1399"
                    BASELINE="280 1045 1401 1039" 
                    HPOS="279"
                    VPOS="1003"
                    WIDTH="1122"
                    HEIGHT="64">
            <Shape><Polygon POINTS="280 1045 280 1060 474 1060 492 1067 493 1067 495 1067 546 1058 561 1057 613 1058 774 1064 776 1064 836 1057 850 1055 853 1057 868 1064 870 1064 871 1066 954 1066 954 1064 1027 1055 1031 1055 1034 1055 1066 1064 1067 1064 1069 1064 1191 1057 1365 1063 1367 1063 1368 1063 1401 1052 1401 1039 1398 1012 1212 1012 1199 1003 1197 1003 1196 1003 1194 1003 1114 1012 1066 1003 1064 1003 1063 1003 1061 1003 1052 1012 1031 1003 1030 1003 1028 1003 1027 1003 1004 1012 753 1004 752 1004 750 1004 726 1013 465 1006 463 1006 462 1006 436 1016 336 1016 311 1006 309 1006 308 1006 306 1006 279 1015 280 1045"/></Shape>
	    <String CONTENT="xit ulixi Modo non montes auri prouerbialis yperbole facta per"
                    HPOS="279"
                    VPOS="1003"
                    WIDTH="1122"
                    HEIGHT="64"></String>
          </TextLine>

          
          
          <TextLine ID="eSc_line_9bb29be3"
                    TAGREFS="LT1399"
                    BASELINE="280 1098 1409 1090" 
                    HPOS="279"
                    VPOS="1055"
                    WIDTH="1130"
                    HEIGHT="64">
            <Shape><Polygon POINTS="280 1098 280 1111 296 1119 297 1119 299 1119 507 1110 687 1117 688 1117 731 1108 732 1108 735 1108 935 1116 936 1116 938 1116 957 1107 987 1114 989 1114 990 1116 1169 1116 1169 1114 1226 1105 1229 1105 1232 1105 1265 1113 1267 1113 1407 1104 1409 1090 1406 1066 1333 1066 1314 1055 1312 1055 1311 1055 1179 1067 1045 1067 1000 1057 998 1057 947 1067 894 1058 892 1058 891 1058 889 1058 877 1067 750 1058 749 1058 658 1069 640 1060 638 1060 637 1060 635 1060 617 1069 507 1060 506 1060 442 1070 327 1061 326 1061 279 1072 280 1098"/></Shape>
	    <String CONTENT="exceptionem aut superlationem aut ęquam collationem eiusmodi est"
                    HPOS="279"
                    VPOS="1055"
                    WIDTH="1130"
                    HEIGHT="64"></String>
          </TextLine>

          
          
          <TextLine ID="eSc_line_f0d776ce"
                    TAGREFS="LT1399"
                    BASELINE="280 1152 632 1146 1398 1149" 
                    HPOS="280"
                    VPOS="1107"
                    WIDTH="1118"
                    HEIGHT="63">
            <Shape><Polygon POINTS="280 1152 280 1170 1397 1163 1398 1149 1397 1117 956 1107 954 1107 953 1107 933 1117 853 1117 805 1107 803 1107 743 1116 731 1107 729 1107 728 1107 726 1107 725 1107 700 1114 640 1107 638 1107 637 1107 635 1107 623 1117 525 1117 471 1107 469 1107 468 1107 433 1116 368 1107 367 1107 365 1107 364 1107 348 1117 280 1117 280 1152"/></Shape>
	    <String CONTENT="illus demostenis.Modo non montes auri .p. salustius maria"
                    HPOS="280"
                    VPOS="1107"
                    WIDTH="1118"
                    HEIGHT="63"></String>
          </TextLine>

          
          
          <TextLine ID="eSc_line_5c9deeb4"
                    TAGREFS="LT1399"
                    BASELINE="282 1205 1404 1202" 
                    HPOS="280"
                    VPOS="1166"
                    WIDTH="1124"
                    HEIGHT="60">
            <Shape><Polygon POINTS="282 1205 282 1217 300 1226 302 1226 303 1226 305 1226 335 1219 457 1226 459 1226 460 1226 481 1219 486 1217 578 1217 586 1219 607 1226 608 1226 610 1226 681 1220 714 1217 728 1220 747 1225 749 1225 750 1225 794 1220 842 1215 853 1220 862 1225 864 1225 865 1225 867 1225 879 1220 892 1217 930 1222 963 1225 965 1225 966 1225 968 1225 972 1222 984 1215 1401 1223 1404 1202 1401 1176 1247 1176 1203 1166 1202 1166 1099 1175 1070 1166 1069 1166 981 1166 980 1166 978 1166 954 1175 842 1166 841 1166 700 1167 699 1167 697 1167 687 1176 648 1167 646 1167 575 1176 542 1167 540 1167 539 1167 537 1167 516 1176 404 1169 403 1169 280 1178 282 1205"/></Shape>
	    <String CONTENT="montesq polliceri coepit.Modo non montes auri.p. more uete"
                    HPOS="280"
                    VPOS="1166"
                    WIDTH="1124"
                    HEIGHT="60"></String>
          </TextLine>

          
          
          <TextLine ID="eSc_line_80f25605"
                    TAGREFS="LT1399"
                    BASELINE="282 1255 1392 1259" 
                    HPOS="280"
                    VPOS="1219"
                    WIDTH="1112"
                    HEIGHT="66">
            <Shape><Polygon POINTS="282 1255 280 1271 353 1282 354 1282 551 1276 574 1282 575 1282 577 1282 578 1282 602 1273 622 1282 623 1282 625 1282 780 1273 791 1273 805 1273 995 1280 996 1280 998 1280 1019 1273 1022 1273 1054 1273 1116 1274 1128 1285 1129 1285 1131 1285 1132 1285 1176 1276 1308 1282 1309 1282 1391 1273 1392 1259 1391 1232 1321 1225 1320 1225 1318 1225 1302 1231 1297 1232 1293 1231 1256 1222 1255 1222 1253 1222 977 1229 953 1220 951 1220 864 1220 862 1220 861 1220 859 1220 845 1231 844 1231 841 1231 817 1223 815 1223 814 1223 812 1223 811 1223 803 1229 802 1232 714 1232 711 1229 699 1220 697 1220 696 1220 694 1220 613 1229 611 1229 599 1220 599 1219 598 1219 596 1219 595 1219 543 1229 540 1229 524 1229 351 1222 350 1222 282 1228 282 1255"/></Shape>
	    <String CONTENT="rum quia hospites hospitibus multa donabant.Cui tanta erat res"
                    HPOS="280"
                    VPOS="1219"
                    WIDTH="1112"
                    HEIGHT="66"></String>
          </TextLine>

          
          
          <TextLine ID="eSc_line_2cb08be3"
                    TAGREFS="LT1399"
                    BASELINE="279 1317 1391 1312" 
                    HPOS="277"
                    VPOS="1273"
                    WIDTH="1114"
                    HEIGHT="66">
            <Shape><Polygon POINTS="279 1317 279 1330 306 1339 308 1339 309 1339 359 1330 362 1330 364 1330 388 1339 389 1339 391 1339 534 1330 539 1330 542 1330 690 1338 691 1338 693 1338 694 1338 705 1329 706 1329 732 1329 1015 1338 1016 1338 1018 1338 1036 1329 1066 1336 1067 1336 1069 1336 1181 1329 1297 1336 1299 1336 1300 1336 1302 1336 1312 1327 1335 1335 1336 1335 1338 1335 1389 1326 1391 1312 1388 1283 1154 1273 1152 1273 1078 1283 1075 1283 1074 1283 1046 1273 1045 1273 1043 1273 959 1283 945 1286 800 1286 794 1285 746 1274 744 1274 743 1274 712 1285 709 1285 706 1285 676 1276 675 1276 567 1276 566 1276 564 1276 546 1285 543 1286 530 1285 472 1277 471 1277 469 1277 468 1277 459 1285 459 1286 389 1286 385 1285 358 1276 356 1276 354 1276 353 1276 351 1276 339 1285 338 1286 277 1286 279 1317"/></Shape>
	    <String CONTENT="cui datiuis casus est.Domino ne inquit tuo pollicebar hoc"
                    HPOS="277"
                    VPOS="1273"
                    WIDTH="1114"
                    HEIGHT="66"></String>
          </TextLine>

          
          
          <TextLine ID="eSc_line_4982ca53"
                    TAGREFS="LT1399"
                    BASELINE="280 1370 1406 1365" 
                    HPOS="279"
                    VPOS="1330"
                    WIDTH="1127"
                    HEIGHT="61">
            <Shape><Polygon POINTS="280 1370 280 1383 638 1391 640 1391 684 1382 688 1382 693 1382 717 1389 719 1389 720 1389 780 1382 788 1382 805 1382 981 1389 983 1389 984 1389 1007 1382 1027 1389 1028 1389 1030 1389 1101 1380 1107 1380 1108 1380 1128 1388 1129 1388 1131 1388 1132 1388 1134 1388 1146 1380 1151 1380 1212 1388 1214 1389 1374 1389 1374 1388 1376 1388 1406 1379 1406 1365 1404 1339 1388 1330 1386 1330 1385 1330 1137 1338 1126 1330 1125 1330 1123 1330 1030 1330 1028 1330 1027 1330 1025 1330 1025 1332 1016 1339 916 1332 915 1332 803 1339 764 1332 762 1332 451 1341 373 1333 371 1333 279 1342 280 1370"/></Shape>
	    <String CONTENT="cui tanta erat deest cum ut sit cim pollexit cui tanta res erat &amp; super"
                    HPOS="279"
                    VPOS="1330"
                    WIDTH="1127"
                    HEIGHT="61"></String>
          </TextLine>

          
          
          <TextLine ID="eSc_line_2916976f"
                    TAGREFS="LT1399"
                    BASELINE="279 1425 1400 1418" 
                    HPOS="277"
                    VPOS="1383"
                    WIDTH="1123"
                    HEIGHT="65">
            <Shape><Polygon POINTS="279 1425 279 1436 398 1448 400 1448 401 1448 427 1436 429 1436 430 1436 462 1447 463 1447 465 1447 466 1447 484 1436 486 1436 515 1447 516 1447 518 1447 519 1447 558 1438 670 1447 672 1447 749 1436 770 1433 796 1436 832 1439 833 1439 916 1435 990 1432 1001 1435 1025 1444 1027 1444 1028 1444 1030 1444 1031 1444 1045 1435 1049 1432 1054 1435 1061 1441 1063 1441 1064 1441 1066 1441 1067 1441 1092 1435 1105 1432 1114 1435 1138 1444 1140 1444 1141 1444 1209 1435 1223 1432 1283 1432 1290 1435 1302 1441 1303 1441 1305 1441 1398 1433 1400 1418 1397 1392 951 1383 950 1383 948 1383 929 1392 773 1385 771 1385 770 1385 750 1395 625 1395 613 1386 611 1386 610 1386 608 1386 534 1395 504 1386 503 1386 501 1386 500 1386 498 1386 486 1394 382 1388 380 1388 379 1388 358 1398 277 1398 279 1425"/></Shape>
	    <String CONTENT="erat plus est superesse quam esse.Desinas sic est ingenium ne"
                    HPOS="277"
                    VPOS="1383"
                    WIDTH="1123"
                    HEIGHT="65"></String>
          </TextLine>

          
          
          <TextLine ID="eSc_line_fe7bdaba"
                    TAGREFS="LT1399"
                    BASELINE="279 1483 1406 1477" 
                    HPOS="277"
                    VPOS="1439"
                    WIDTH="1129"
                    HEIGHT="68">
            <Shape><Polygon POINTS="279 1483 279 1498 379 1498 382 1498 392 1507 394 1507 395 1507 397 1507 548 1498 598 1496 616 1498 663 1506 664 1506 740 1498 768 1496 790 1498 839 1506 841 1506 842 1506 861 1498 873 1495 912 1498 951 1503 953 1503 977 1498 1001 1495 1019 1498 1040 1504 1042 1504 1043 1504 1095 1498 1145 1493 1182 1498 1200 1501 1202 1501 1203 1501 1209 1498 1225 1493 1403 1498 1406 1477 1403 1451 1225 1450 1196 1439 1194 1439 1193 1439 1191 1439 1167 1448 1099 1441 1098 1441 1096 1441 1095 1441 1083 1451 1081 1451 1077 1451 1004 1441 1003 1441 1001 1441 983 1451 981 1451 965 1444 963 1444 962 1444 960 1444 959 1444 948 1451 947 1453 827 1453 815 1451 762 1442 761 1442 685 1451 672 1453 666 1451 638 1442 637 1442 560 1442 558 1442 519 1444 518 1444 516 1444 506 1451 500 1456 389 1456 377 1451 342 1444 341 1444 277 1451 279 1483"/></Shape>
	    <String CONTENT="cessaria esr ad fabule peristasim auaritia demiphonis Vt maiore"
                    HPOS="277"
                    VPOS="1439"
                    WIDTH="1129"
                    HEIGHT="68"></String>
          </TextLine>

          
          
          <TextLine ID="eSc_line_82eed6d0"
                    TAGREFS="LT1399"
                    BASELINE="280 1540 1391 1530" 
                    HPOS="279"
                    VPOS="1495"
                    WIDTH="1112"
                    HEIGHT="68">
            <Shape><Polygon POINTS="280 1540 280 1561 407 1563 409 1563 410 1563 419 1560 441 1552 524 1558 575 1561 577 1561 578 1561 589 1557 598 1554 676 1555 737 1557 738 1557 752 1554 777 1549 808 1554 835 1557 836 1557 862 1552 883 1549 918 1552 986 1557 987 1557 989 1557 990 1557 998 1551 1000 1549 1004 1551 1031 1557 1033 1557 1034 1557 1072 1549 1075 1549 1081 1549 1182 1555 1184 1555 1185 1555 1187 1555 1199 1548 1228 1555 1229 1555 1231 1555 1389 1543 1391 1530 1386 1499 1302 1504 1283 1501 1259 1495 1258 1495 1256 1495 1241 1501 1228 1507 1122 1507 1111 1503 1089 1496 1087 1496 1086 1496 1084 1496 1083 1496 1074 1504 1067 1509 975 1509 965 1506 933 1498 932 1498 930 1498 912 1506 906 1509 900 1506 885 1499 883 1499 818 1499 817 1499 767 1509 752 1510 729 1509 643 1501 641 1501 599 1510 592 1512 575 1512 465 1503 463 1503 279 1515 280 1540"/></Shape>
	    <String CONTENT="periculo illo absente duxerit filius indotatam Nam mox dicturꝰ"
                    HPOS="279"
                    VPOS="1495"
                    WIDTH="1112"
                    HEIGHT="68"></String>
          </TextLine>

          
          
          <TextLine ID="eSc_line_92cdc081"
                    TAGREFS="LT1399"
                    BASELINE="282 1598 759 1592 1418 1595" 
                    HPOS="280"
                    VPOS="1554"
                    WIDTH="1138"
                    HEIGHT="69">
            <Shape><Polygon POINTS="282 1598 282 1608 335 1611 347 1622 348 1622 350 1622 351 1623 418 1623 418 1622 419 1622 439 1613 474 1622 475 1622 477 1622 478 1622 480 1622 500 1610 504 1610 619 1622 620 1623 700 1623 700 1622 702 1622 738 1610 741 1610 753 1610 835 1617 836 1617 916 1611 933 1610 936 1611 951 1619 953 1619 954 1619 956 1619 980 1611 995 1622 996 1622 998 1622 1000 1622 1001 1622 1025 1611 1028 1610 1040 1611 1117 1622 1119 1622 1194 1611 1209 1610 1222 1611 1276 1622 1277 1622 1418 1611 1418 1595 1416 1564 1200 1554 1199 1554 1098 1564 1095 1564 1092 1564 1025 1554 1024 1554 977 1564 941 1554 939 1554 938 1554 936 1554 906 1564 870 1554 868 1554 867 1554 832 1561 823 1554 821 1554 820 1554 753 1554 752 1554 750 1554 716 1566 558 1566 537 1554 536 1554 534 1554 480 1563 407 1554 406 1554 306 1557 305 1557 280 1566 282 1598"/></Shape>
	    <String CONTENT="est ille indotatam atq ignobile daret illi sic est ingenium bona pre"
                    HPOS="280"
                    VPOS="1554"
                    WIDTH="1138"
                    HEIGHT="69"></String>
          </TextLine>

          
          
          <TextLine ID="eSc_line_92e5eeb4"
                    TAGREFS="LT1399"
                    BASELINE="282 1652 873 1646 1412 1651" 
                    HPOS="280"
                    VPOS="1610"
                    WIDTH="1132"
                    HEIGHT="65">
            <Shape><Polygon POINTS="282 1652 282 1675 522 1666 564 1675 566 1675 567 1675 569 1675 598 1664 620 1675 622 1675 623 1675 625 1675 666 1664 728 1664 741 1675 743 1675 744 1675 746 1675 749 1675 800 1666 832 1675 833 1675 835 1675 836 1675 838 1675 839 1675 853 1664 1022 1664 1042 1675 1043 1675 1045 1675 1046 1675 1048 1675 1049 1675 1087 1664 1134 1675 1138 1675 1140 1675 1141 1675 1145 1675 1173 1666 1410 1673 1412 1651 1410 1623 1367 1613 1365 1613 1323 1619 1303 1610 1302 1610 1241 1610 1240 1610 1238 1610 1237 1610 1229 1617 1211 1610 1209 1610 1208 1610 1137 1623 1135 1623 1132 1623 1074 1611 1072 1611 1024 1622 972 1611 971 1611 900 1623 885 1611 883 1611 882 1611 790 1611 788 1611 787 1611 753 1623 655 1616 654 1616 596 1623 558 1611 557 1611 555 1611 554 1611 525 1623 410 1614 409 1614 407 1614 388 1625 280 1625 282 1652"/></Shape>
	    <String CONTENT="paratio quia &amp;c diues &amp; auarus describitur demipho ut indotatas nup¬"
                    HPOS="280"
                    VPOS="1610"
                    WIDTH="1132"
                    HEIGHT="65"></String>
          </TextLine>

          
          
          <TextLine ID="eSc_line_8f730d0e"
                    TAGREFS="LT1399"
                    BASELINE="282 1711 777 1703 1404 1705" 
                    HPOS="280"
                    VPOS="1669"
                    WIDTH="1124"
                    HEIGHT="62">
            <Shape><Polygon POINTS="282 1711 282 1722 300 1731 302 1731 303 1731 383 1722 552 1731 554 1731 555 1731 586 1720 706 1726 708 1726 709 1726 711 1726 720 1719 768 1719 783 1719 797 1729 799 1729 800 1729 802 1731 856 1731 856 1729 858 1729 877 1720 913 1728 915 1728 916 1728 918 1728 930 1719 1039 1717 1045 1717 1061 1725 1063 1725 1064 1725 1066 1725 1089 1717 1314 1728 1315 1728 1403 1714 1404 1705 1403 1678 1194 1669 1193 1669 1191 1669 1190 1669 1178 1678 1176 1679 1125 1679 1089 1679 1077 1669 1075 1669 1074 1669 989 1669 987 1669 986 1669 963 1679 936 1670 935 1670 933 1670 932 1670 898 1679 883 1670 882 1670 880 1670 879 1670 780 1678 762 1670 761 1670 626 1670 625 1670 542 1681 445 1673 444 1673 386 1681 362 1672 361 1672 359 1672 280 1682 282 1711"/></Shape>
	    <String CONTENT="tias ferre non possit.Si est inenium recte non enim inquit"
                    HPOS="280"
                    VPOS="1669"
                    WIDTH="1124"
                    HEIGHT="62"></String>
          </TextLine>

          
          
          <TextLine ID="eSc_line_11fc87c0"
                    TAGREFS="LT1399"
                    BASELINE="280 1767 622 1759 1407 1759" 
                    HPOS="279"
                    VPOS="1725"
                    WIDTH="1128"
                    HEIGHT="57">
            <Shape><Polygon POINTS="280 1767 280 1782 1406 1779 1407 1759 1406 1734 1222 1734 1197 1725 1196 1725 1194 1725 1101 1732 1066 1726 1064 1726 1063 1726 1061 1726 1048 1734 868 1726 867 1726 865 1726 841 1734 759 1726 758 1726 756 1726 726 1734 675 1728 673 1728 672 1728 670 1728 663 1735 640 1728 638 1728 637 1728 518 1735 297 1729 296 1729 294 1729 279 1735 280 1767"/></Shape>
	    <String CONTENT="fortuna auarus est sed natura.Sic est ingenium omnium an"
                    HPOS="279"
                    VPOS="1725"
                    WIDTH="1128"
                    HEIGHT="57"></String>
          </TextLine>

          
          
          <TextLine ID="eSc_line_1279c49f"
                    TAGREFS="LT1399"
                    BASELINE="276 1821 1406 1812" 
                    HPOS="274"
                    VPOS="1774"
                    WIDTH="1132"
                    HEIGHT="77">
            <Shape><Polygon POINTS="276 1821 276 1836 353 1836 382 1850 383 1850 385 1851 421 1851 421 1850 507 1835 536 1835 558 1848 560 1848 561 1848 563 1850 623 1850 623 1848 625 1848 666 1833 672 1833 951 1845 953 1845 954 1845 989 1832 1016 1842 1018 1842 1019 1842 1125 1832 1160 1844 1161 1844 1163 1845 1211 1845 1211 1844 1212 1844 1214 1844 1214 1842 1222 1835 1274 1832 1323 1841 1324 1841 1406 1827 1406 1812 1403 1785 1338 1785 1338 1783 1324 1774 1323 1774 1321 1774 1320 1774 1229 1783 1216 1785 1199 1783 1123 1776 1122 1776 1033 1783 995 1786 936 1783 848 1779 847 1779 845 1779 844 1779 836 1783 829 1788 821 1783 812 1779 811 1779 809 1779 759 1783 708 1788 654 1783 620 1780 619 1780 617 1780 610 1783 592 1791 521 1791 509 1783 506 1780 504 1780 503 1780 501 1780 477 1783 409 1791 274 1783 276 1821"/></Shape>
	    <String CONTENT="domini sed magis domini.Eho regem me esse opportuit o¬"
                    HPOS="274"
                    VPOS="1774"
                    WIDTH="1132"
                    HEIGHT="77"></String>
          </TextLine>

          
          
          <TextLine ID="eSc_line_f11a0db9"
                    TAGREFS="LT1399"
                    BASELINE="280 1882 1404 1874" 
                    HPOS="279"
                    VPOS="1836"
                    WIDTH="1125"
                    HEIGHT="70">
            <Shape><Polygon POINTS="280 1882 280 1898 385 1895 392 1898 406 1904 407 1904 503 1906 504 1906 567 1898 681 1904 682 1904 684 1904 716 1895 731 1892 756 1895 814 1903 815 1903 919 1901 921 1901 945 1894 957 1891 1001 1891 1006 1894 1015 1900 1016 1900 1018 1900 1019 1900 1104 1892 1126 1891 1129 1892 1141 1901 1143 1901 1145 1901 1146 1901 1240 1892 1391 1900 1392 1900 1394 1900 1395 1900 1404 1891 1404 1874 1401 1836 1358 1836 1356 1836 1354 1836 1353 1836 1336 1847 1291 1838 1290 1838 1288 1838 1250 1848 1202 1848 1182 1838 1181 1838 1179 1838 1131 1847 1113 1838 1111 1838 984 1838 983 1838 975 1838 912 1850 643 1841 628 1841 626 1841 625 1841 602 1853 490 1853 279 1844 280 1882"/></Shape>
	    <String CONTENT="stendit &amp; pauperum affectiones qui sese solos uti diuitiis scire auiNt"
                    HPOS="279"
                    VPOS="1836"
                    WIDTH="1125"
                    HEIGHT="70"></String>
          </TextLine>

          
          
          <TextLine ID="eSc_line_6cde1367"
                    TAGREFS="LT1399"
                    BASELINE="280 1939 1410 1928" 
                    HPOS="279"
                    VPOS="1892"
                    WIDTH="1131"
                    HEIGHT="67">
            <Shape><Polygon POINTS="280 1939 280 1959 1409 1948 1410 1928 1409 1903 1368 1892 1367 1892 1365 1892 1311 1901 1225 1895 1223 1895 1222 1895 1220 1895 1209 1904 1086 1904 1031 1895 1030 1895 968 1904 883 1897 882 1897 880 1897 862 1906 764 1897 762 1897 279 1912 280 1939"/></Shape>
	    <String CONTENT="si eas habeant.Regem me esse oportuit acue me abeuntis ã"
                    HPOS="279"
                    VPOS="1892"
                    WIDTH="1131"
                    HEIGHT="67"></String>
          </TextLine>

          
          
          <TextLine ID="eSc_line_2ab9fe34"
                    TAGREFS="LT1399"
                    BASELINE="280 1995 1386 1987" 
                    HPOS="279"
                    VPOS="1948"
                    WIDTH="1107"
                    HEIGHT="71">
            <Shape><Polygon POINTS="280 1995 280 2010 425 2010 429 2010 453 2018 454 2018 456 2018 549 2010 575 2009 578 2010 595 2018 596 2018 598 2019 667 2019 667 2018 722 2010 723 2010 731 2010 942 2016 944 2016 1024 2009 1048 2007 1058 2009 1090 2015 1092 2015 1385 2007 1386 1987 1383 1959 1166 1948 1164 1948 1163 1948 1161 1948 1161 1950 1151 1959 1149 1959 1137 1959 1021 1950 1019 1950 1018 1950 1016 1950 1007 1959 1006 1959 989 1953 987 1953 986 1953 953 1959 942 1960 938 1959 922 1951 921 1951 919 1951 882 1959 871 1960 856 1959 794 1951 793 1951 791 1951 771 1959 768 1960 767 1959 756 1951 755 1951 753 1951 752 1951 678 1953 676 1953 664 1959 657 1963 592 1963 587 1959 580 1953 578 1953 577 1953 575 1953 516 1959 475 1963 432 1959 377 1954 376 1954 279 1959 280 1995"/></Shape>
	    <String CONTENT="bo Hinc tum hinc &amp;c hic legitur Et est ordo hinc reliquit filiis"
                    HPOS="279"
                    VPOS="1948"
                    WIDTH="1107"
                    HEIGHT="71"></String>
          </TextLine>

          
          
          <TextLine ID="eSc_line_7f7f5b31"
                    TAGREFS="LT1399"
                    BASELINE="240 2054 1409 2045" 
                    HPOS="238"
                    VPOS="2007"
                    WIDTH="1171"
                    HEIGHT="76">
            <Shape><Polygon POINTS="238 2043 240 2054 240 2070 400 2083 401 2083 403 2083 435 2072 626 2081 628 2081 740 2069 744 2067 845 2067 850 2067 888 2078 889 2078 891 2078 972 2069 1016 2078 1018 2078 1072 2067 1074 2067 1075 2067 1211 2077 1212 2077 1407 2064 1409 2045 1406 2018 1268 2018 1249 2007 1247 2007 1246 2007 1141 2018 1061 2007 1060 2007 1058 2007 1021 2018 962 2009 960 2009 959 2009 938 2021 874 2021 861 2009 859 2009 858 2009 824 2009 823 2009 821 2009 782 2021 779 2021 555 2012 554 2012 552 2012 531 2021 475 2012 474 2012 472 2012 432 2024 429 2024 427 2024 368 2013 264 2013 262 2013 261 2013 244 2021 238 2043"/></Shape>
	    <String CONTENT="R elinquunt idest non secum abducunt.Quasi magistrum be¬"
                    HPOS="238"
                    VPOS="2007"
                    WIDTH="1171"
                    HEIGHT="76"></String>
          </TextLine>

          
          
          <TextLine ID="eSc_line_af117434"
                    TAGREFS="LT1399"
                    BASELINE="282 2111 1395 2105" 
                    HPOS="280"
                    VPOS="2070"
                    WIDTH="1115"
                    HEIGHT="84">
            <Shape><Polygon POINTS="282 2111 282 2154 386 2154 386 2152 388 2152 389 2152 391 2151 406 2140 448 2149 462 2152 463 2152 465 2152 466 2152 469 2149 484 2138 528 2138 543 2148 548 2152 549 2152 551 2152 552 2152 673 2151 675 2151 676 2151 682 2144 696 2137 750 2144 759 2144 761 2144 770 2143 809 2137 821 2143 835 2149 836 2149 838 2149 839 2149 868 2141 894 2135 941 2140 1010 2148 1012 2148 1013 2148 1015 2148 1025 2138 1030 2135 1064 2135 1075 2138 1113 2149 1114 2149 1116 2149 1117 2149 1169 2135 1178 2134 1181 2135 1197 2148 1199 2148 1200 2148 1202 2149 1268 2149 1268 2148 1270 2148 1300 2134 1323 2140 1324 2140 1326 2140 1395 2131 1395 2105 1392 2081 1351 2072 1350 2072 1268 2080 1246 2070 1244 2070 1243 2070 1146 2080 1117 2070 1116 2070 1114 2070 1113 2070 1090 2081 1058 2072 1057 2072 1055 2072 1054 2072 1016 2081 681 2073 679 2073 678 2073 676 2073 661 2083 577 2073 575 2073 574 2073 557 2081 406 2075 404 2075 403 2075 401 2075 389 2086 280 2086 282 2111"/></Shape>
	    <String CONTENT="ne quasi quia non complebit hoc ipsum nec uult esse magistrum sic."
                    HPOS="280"
                    VPOS="2070"
                    WIDTH="1115"
                    HEIGHT="84"></String>
          </TextLine>

          
        </TextBlock>
        
        <TextBlock HPOS="1568"
                   VPOS="152"
                   WIDTH="135"
                   HEIGHT="76"
                   ID="eSc_textblock_cff0b463"
                   TAGREFS="BT4243">
          <Shape><Polygon POINTS="1703 228 1703 152 1568 152 1568 228"/></Shape>
          
          
          <TextLine ID="eSc_line_c2aaf902"
                    TAGREFS="LT1399"
                    BASELINE="1613 197 1675 194" 
                    HPOS="1610"
                    VPOS="152"
                    WIDTH="65"
                    HEIGHT="76">
            <Shape><Polygon POINTS="1670 163 1655 158 1640 154 1625 152 1610 158 1613 197 1613 222 1673 228 1675 194 1672 163 1670 163"/></Shape>
	    <String CONTENT="192"
                    HPOS="1610"
                    VPOS="152"
                    WIDTH="65"
                    HEIGHT="76"></String>
          </TextLine>

          
        </TextBlock>
        

        
      </PrintSpace>
    </Page>
  </Layout>
</alto>
