2000 2637
703 452 1068 71 latini quam greci pedagogum appellant.Filiis propter filios.Ogetha pro

707 509 1061 66 uinciam cepisti duram Acquisite bello longe abitalia regiones pro¬

703 568 1059 60 uinciȩ dicte sunt a porro uel procul uincendo adquas pretores quia cum

700 622 1055 65 officio mictebant officia quoque prouincia nominantur.Ogetha pro¬

703 675 1062 56 uincial splendide prouinciam dixit Memini reliqui me ira¬

703 731 1065 52 ^to deo meo.Sic Uirgilius nec te dii texere cuperem cum enea uetu ẽ¬

706 783 1059 60 tis.In hoc asper sed mihi uidetur ad hoc addidisset meo nec e̾e̾t

1167 842 597 56 diceret irato deo Neuius inscalagmõis

704 887 1061 63 adeo meo propitio ineus homo est.Memini reliqui me deo ira¬

704 943 1058 54 to meo domino dicit. An uere deo & bene meo ne esset amphibolon

706 1003 1072 56 nec sic dixit memini reliqui ut inandria memini me uidere & memi¬

706 1062 1066 49 ni me fieri pauum emnius.Quid uerbis opus est repente infe̾¬

703 1103 1061 55 tur quod opus est uerbis & satis moraliter.Seni fidelis sum fidus ẽ

706 1152 1047 66 amicus fidelis est seruus.Scapulas perdidi plus est perdidi quam

703 1213 472 46 si diceret dolui & bene retulit

1425 1211 343 51 Fidelis enim est offici¬

701 1265 1054 50 um seruare aliquid.Uenere inmentem mihi uenire inmente

701 1309 1068 63 non adrecordationem tantum dicitur sed adreputationem & intelligen¬

701 1366 1064 57 tiam.Namque insatia est.Aduersum hoc dictum & superioris per¬

701 1415 1061 57 sone esse potest & alterius.Aduersus stimulum calces.Parocima

700 1470 1067 60 cum eclipsi deest enim adare.Stimulum pro domino adolescente

698 1525 1055 54 posuit.Calces modo calces non partes plante sed percussiones pedum

698 1577 1073 63 plagasq significat Aliter uirgilius Calcemq terit iam calce diores.Sci¬

701 1633 1060 56 sti uti foro Secundum illos negotiatores qui ante locum commer¬

698 1687 1064 57 tu non prescribunt quanto uendatquȩ aduehunt.Sed secundum an

698 1738 1051 59 nonam fori quam deprehenderunt consilium deuendendis aut non

698 1800 1055 47 uendendis mercibus summunt.Scisti uti foro forum pro tribus

698 1853 1064 57 intelligitur loco tempore & persona Scisti inquid hiis uti & est u¬

700 1905 1062 52 ulgare prouerbium sensus autem hic est scisti inquid quid facere te

700 1957 1064 64 opportet.Primo hic phedria bene additum primo quiq non per¬

698 2012 1049 62 petuo.Noster nihil mali quicquam.Quartum parelcon ut in

697 2071 1053 73 echira nam nemo quisquam illorum.t.s.a.u. Noster nihil mali
