2000 2609
725 458 1029 72 dimus quamuis ut sit quamuis Virginem Daret illi bono affectu

725 508 1045 74 dixit daret illi filius enim familię non tam ducit uxorem quam apatre ac¬

725 566 1042 65 cipit Quippe cum patri comminatur puella potius in huiusmodi conditi

723 620 1059 67 onibus quam marito.Daret illi nunquam faceret Aposiopesis secun¬

725 676 1047 66 da hic enim non transit adaliud sed institit incepto ut &per interrogatiõem

720 730 1058 64 diceret daret illi &per responsionem inferret nunquam faceret Et nota nũ

725 781 1048 62 quam pronon inmaioris negationis significationem poni semper.Daret il

726 831 1043 66 li mire daret ut ostenderet nihil esse potestatis in filio.Quod fiet deniq

725 884 1026 68 more quo Terrentius deniq posuit infine senus & est aduerbium ornidis

717 939 1055 69 sic &ineutonru. fodere &arare aut aliquid ferre denique ut sic denique uł

719 991 1041 71 deine uel ad postremum.Quid fiet deest rogitas &est aposiopesis Et

722 1047 1051 64 parassitus quidam phormio phormio non aformula sed phormio¬

722 1097 1056 55 ne dictus sparteo quem nos eronem dicimus triuialiter &proconsuetudine

677 1146 1086 64 Q uid is facit seruatur offectus tristis ut supra ait Sed quid tues tristis.Con

719 1195 1064 67 fidens homo comice dictum nam quid ignoret parassitum hominem esse¬

675 1246 1097 70 C onfidens hic confidens pro improbo audaci actemeratio posuit ut oingẽ

713 1303 1047 59 tem confidentiam cum qui uti Nam est ut lucilius insecundo qui te n

713 1346 1024 73 montane malum ad cetera pergit aut perhoc consilium quod dicam dedit

674 1400 1086 72 Q ui illum du omnes perdant. qui aut expletuuim est aut pronom̃

719 1455 1048 64 quo incipiens phormionem describere cohorruit consideratione eius & in hãc

717 1508 1042 64 uocem quasi confusus erupit hoc autem certum genus est Quid is facit

715 1563 1044 64 correxit interrogationem errantem ut rediret ad nomimationum casum

716 1613 1043 64 qui oberrauerat & illum dixerat.Lex est hec ut inpalleata recte ponitur

715 1668 1057 69 nam grecorul fuit ideo & inandria sic aut inopia & cognatorum neglige¬

715 1721 903 58 tia coactus est. lex est alia cum narratione interponitur & dicitur

680 1772 1077 67 L ex est acausa litis potuit enim dici habens causam hoc consilium qd̶

716 1829 1046 65 dicam dedit Vt orbe qui sunt genere proximi orba proximo nubat orbam

717 1885 1046 63 proximus ducit acticum ius est & est ordo lex est ut orbe hiis nubant Eadẽ

717 1935 1039 60 hec lex iubet bene iubet minorem enim uim habet ea lex que aliquid

715 1991 1035 65 permictit quam illa que aliquid iubet Et illos ducere bene additum

717 2048 1040 81 nihil enim enim adrem si ducendi necessitas non fuisset.Ego te cogn
