2000 2637
720 451 1057 63 percontatiue afferendum est Sic enim solemus demmagnis rebus dicere.

682 506 1105 68 N escis quo inmoetu  &q.i.p.s. Vix alterum sustineri potest eolx

717 566 1069 66 q: utraq posuit nunc in moetum & periculum. Quid istuc est fac hũc

716 627 1068 57 scire & narrandi non erit locus necessario igitur ignarus inducitur dauus

676 672 1104 63 Modo ut tacere possis ut prone non quod si est subaudiendum est uide

719 728 1064 63 ut quid tali Modo ut tacere possis uere argumentum est celare id ꝙ

722 777 1052 63 antipho non coactus sed uolens duxit uxorem.Modo ut tacere pos

716 832 1073 63 sis modo protantummodo. Vt modo iupiter adsit abipsis insciẽs

716 884 1070 62 ruine proinscito posuit uel inscientem modo stultum dicit alias ignarum

682 936 1095 71 c uius tu fidem inpecunia prospexeris. Setentiose dixit quasi in

717 991 1067 63 omnibus credendum sit setuaturum fidem esse eum qui inpecunia. Ser

717 1047 1060 63 uauerit &c hoc ideo interposuit ne longus esset dum persuadet ut dic̃

715 1097 1059 60 quemadmodum inaliis fabulis. Cuius tu fidem inpecunia pro

715 1150 1062 61 spexeris proprie locutus est depecunia & fidem dicendo &credere Nam

720 1199 1061 56 fides est eorum quibus datur creditores dicuntur ipsi qui dant inpecunia

719 1252 1064 60 amaiore admunus. Perplexeris non inspexeris sed perspexeris quod pł

715 1297 1065 72 est dixit Verere et uerba credere. uerba cum pronumptiatione dic̃

715 1352 1059 57 ut ostetdat multum distaret inter pecuniam & uetba ubi quid mihi

713 1403 1059 59 lucu est te fallire Aconiectura cui & bene quia seruus nihil dehonestate

712 1454 1079 69 dicit ubi quid significantius dixit quam si diceret nihil Ergo auscul

713 1504 1070 67 ta ergo nunc uelut increpatio elt tarde facientis quia hic igitur obloquẽ

715 1561 1076 68 do impediuerat narraturum Ergo dixit si Virgilius Ergo age care pater

712 1612 1087 62 ceruici imponere nostrę. Hanc operam tibi dico auscultandi silicet

712 1664 1084 67 & audiendi. Hanc operam tibi dico plus est dico quando dicitur per

713 1722 1067 60 petuo datut ad tempus senis nostri daue fratrem dicendo senis ostendit

713 1774 1061 63 ad adolescentem sedominum habere dicendo nostri ostendit & alienum

713 1832 1068 60 fore. dicendo fratrem non unum esse monstrauit dicendo maiorem etiam

715 1898 1062 51 minoris fecit inditium sic argumenti partem maximam nondum narrãs

713 1939 1059 66 iam inipsa interrogatione transegit hec autem omnia propter populum

713 1988 1074 68 sic arguntur adeo ille quid dicit nesit opus pluribus uerbis. Senis no

713 2043 1073 126 stri daue fratrem Mirum compendium narratiõis quasi per inter
